3860 5858
201 429 257 480 nst
854 421 990 482 ttottntt
1013 421 1109 482 ntnn.
1132 419 1163 478 B.
1689 415 1821 499 (aas,sss.)

200 541 255 613 ούν.
269 552 383 614 -ΑΘ.
403 552 438 613 Τί
462 550 519 611 ποτ’
539 551 570 611 διν
592 542 637 610 adr
653 549 762 631 λέγομεν
777 551 806 610 τὸ
820 553 985 626 πεπλανηκὸς
1031 564 1094 610 λιιι,
1108 557 1229 617 Quidnam
1244 555 1317 622 igitur
1340 555 1366 607 in
1379 555 1474 606 diversa
1491 553 1588 619 abigere
1601 567 1647 606 nos
1665 555 1823 618 potuissedi·

199 643 271 718 ἡμᾶς
283 631 365 715 εἶναις
376 640 485 721 πότερον
500 643 529 700 οὐ
538 639 622 700 ταύτά
633 642 687 700 ἐστι
698 641 769 700 καλά
780 646 843 718 ἡμῖν
858 652 939 703 π’ἀσιν
950 642 986 717 ,ἢ
1033 648 1131 698 cimus?
1146 645 1266 710 numquid
1277 659 1327 696 nou
1341 644 1424 697 eadem
1436 645 1537 709 pulcirra
1549 645 1619 695 nobis
1632 643 1747 695 omnibus
1756 650 1824 709 snut,

199 727 233 788 τδι
248 727 295 806 μέν
312 732 395 804 adad,
410 729 469 789 ἀλλ’
490 732 519 789 ού
535 731 607 789 δοκεῖ
620 729 703 789 ταύτδι
730 721 811 810 εἶναις
825 733 854 791 οὐ
872 732 922 814 γάρ
937 755 987 791 που
1034 751 1065 787 an
1089 739 1147 787 suut
1164 736 1262 800 quidem
1282 735 1382 798 eadem,
1397 735 1438 786 sed
1454 748 1503 785 uon
1517 735 1632 786 ridentur
1650 735 1734 786 eadem
1754 741 1826 788 esse?

201 821 256 898 ἐρεῖ
267 818 298 896 γε’
311 843 364 893 τις,
376 819 411 888 ὥς
424 843 487 880 ποτε
501 819 535 878 sd
553 824 599 891 τῆς
613 819 735 892 κακίαςῆ
749 823 842 901 ἀρετῆς
862 821 988 882 καλλίονα
1033 840 1090 876 nam
1102 826 1161 877 iilud
1176 826 1283 890 protecto
1299 839 1371 876 uerno
1383 824 1461 887 dicet,
1472 825 1523 875 uitii
1537 824 1685 889 quandoque
1697 825 1824 889 pulchrio-

172 927 185 964 s
200 907 428 990 χορεύματα,οὐδ’
437 912 472 976 όις
484 907 562 976 αὐτὸς
574 907 716 990 μένχαίρει
725 918 776 975 τοῖς
784 915 830 980 τῆς
845 910 989 991 μοχθηρίας
1034 930 1073 968 res
1087 930 1161 980 quam
1174 916 1271 966 uirtutis
1283 929 1335 966 esse
1357 916 1456 965 choreas
1464 952 1472 979 ,
1486 918 1530 965 aut
1543 928 1569 965 se
1580 915 1679 978 quidem
1695 915 1825 979 prauitatis

201 996 380 1076 σχήμασιν,οἱ
394 998 416 1058 δ’
429 997 505 1056 ἄλλοι
517 997 622 1078 ἐναντίᾳ
633 996 731 1070 ταύτης
746 998 841 1079 Μούσῃ
856 999 916 1060 τινί.
931 1000 989 1060 καί·
1033 1005 1140 1069 gestibus
1163 1004 1281 1069 gaudere,
1295 1003 1401 1068 reliquos
1424 1018 1481 1054 uero
1503 1005 1622 1054 contraria
1641 1005 1721 1068 aliqua
1743 1007 1824 1056 illusa.

200 1110 240 1144 τοι
254 1087 359 1164 λέγουσί
370 1109 399 1166 γε
412 1090 437 1146 et
451 1091 569 1147 πλεῖστοι
582 1092 709 1166 μουσικῆς
721 1087 849 1169 ὀρθότητα
863 1081 927 1150 εἶναι
941 1089 988 1162 τὴν
1034 1108 1181 1159 quamquam
1197 1095 1305 1158 plerique
1320 1095 1411 1144 rectum
1429 1093 1527 1144 musicae
1542 1093 1660 1144 rationem
1680 1094 1824 1144 laenitatem

200 1174 295 1248 ἡδονὴν
305 1177 361 1243 ταῖς
370 1179 466 1257 ψυχαῖς
477 1176 632 1257 πορίζουσαν
643 1177 766 1254 δύναμιν·
778 1177 845 1236 ἀλλὰ
855 1184 932 1238 τοῦτο
941 1177 988 1256 μὲν
1003 1178 1022 1242 d
1034 1197 1085 1234 esse
1097 1183 1181 1235 dicunt
1200 1183 1385 1251 delectationem
1401 1183 1488 1233 animis
1499 1182 1614 1233 alterandi
1624 1202 1632 1245 ;
1643 1183 1684 1233 sed
1704 1197 1783 1247 neque
1798 1183 1824 1232 id

138 1295 139 1300 =
201 1263 943 1348 ούτεάνεκτδνούτεόσιοντδπαροίπανρθέγγεοθαι·τόδε
960 1267 987 1327 δὲ
1034 1272 1251 1337 ferendumneque
1265 1272 1364 1324 omnino
1381 1273 1416 1323 las
1435 1275 1474 1322 est
1496 1271 1670 1336 pronuntiatum
1684 1271 1746 1322 illud
1763 1285 1825 1322 reru

163 1373 186 1410 ¹0
201 1356 301 1430 μᾶλλον
324 1354 391 1421 eisd<
413 1356 515 1434 πλανᾷν
538 1359 620 1432 ἡμᾶς·
640 1388 681 1402 ·-
700 1359 761 1418 ΚΛ.
789 1357 828 1417 Τὸ
843 1365 934 1432 ποῖον;
948 1391 989 1403 -
1034 1363 1114 1427 potius
1126 1361 1249 1425 probabile
1261 1362 1330 1412 estin
1341 1361 1436 1412 diuersa
1446 1375 1490 1412 nos
1504 1363 1678 1424 agere-cs.
1696 1360 1778 1420 Quid?
1792 1389 1824 1402 -

201 1445 262 1504 ΑΘ.
270 1442 380 1514 Ἐπειδὴ
392 1442 536 1521 μιμήματα
545 1443 648 1524 τρόπων
659 1445 714 1504 ἐστὶ
724 1444 824 1528 τάπερί
831 1445 877 1513 τδις
884 1445 988 1529 χορείας
1033 1457 1096 1504 Ατιι.
1113 1451 1233 1511 Quoniam
1254 1451 1350 1502 choreae
1364 1450 1437 1500 animi
1456 1451 1584 1500 modorum
1607 1451 1752 1500 imitationes
1766 1456 1826 1504 sunt

201 1534 227 1590 ἐν
240 1530 351 1612 πράξεσί
362 1555 389 1590 τε
407 1533 588 1601 παντοδαπαῖς
608 1534 751 1612 γιγνόμενοι
773 1535 819 1594 καί
830 1535 922 1616 τύχαις
943 1535 989 1594 καί
1033 1543 1058 1592 in
1068 1542 1141 1592 variis
1155 1543 1193 1592 uel
1209 1540 1344 1591 actionibus
1358 1541 1397 1592 rel
1413 1541 1515 1590 fortunis
1528 1541 1565 1590 uel
1576 1541 1684 1590 moribus
1696 1541 1825 1606 exiribitre,

200 1619 272 1689 ἤθεσι
283 1618 329 1678 καί
340 1619 478 1698 μιμήμασι
487 1619 632 1689 διεξιόντων
643 1621 772 1696 ἑκάστων,
783 1613 820 1690 οἷς
828 1619 874 1700 μὲν
885 1621 916 1682 ἀν
924 1623 989 1703 πρὸς
1033 1634 1107 1696 atque
1118 1632 1169 1691 itu,
1187 1632 1214 1680 ut
1225 1630 1310 1692 singuli
1325 1629 1379 1679 haec
1396 1629 1513 1679 imitando
1525 1633 1711 1694 persequantur,
1726 1644 1826 1682 neeesse

200 1708 298 1789 τρόπου
309 1709 343 1767 τίι
356 1708 467 1790 ῥηθέντα
479 1708 496 1782 ἢ
514 1710 698 1791 μελῳδηθέντα
710 1708 727 1782 ἢ
744 1711 790 1770 καί
803 1715 922 1770 δπαισοῦν
935 1735 987 1792 χο·
1033 1722 1069 1770 est
1081 1731 1187 1783 quorum
1197 1719 1279 1769 animo
1288 1718 1353 1768 dicta
1366 1719 1405 1768 vel
1415 1717 1537 1768 modulata
1550 1719 1587 1768 rel
1600 1719 1825 1784 quomodocunque

163 1818 186 1855 ιι
202 1797 323 1876 ρευθέντα
338 1797 437 1870 ἣκατδι
452 1797 528 1881 φύσιν
543 1798 561 1870 ἢ
576 1799 645 1859 κατδι
657 1799 713 1868 ἔθος
735 1798 752 1871 ἢ
764 1801 824 1874 κατ’
838 1801 987 1882 άμρότερα,
1033 1811 1119 1860 saltata
1127 1809 1179 1859 sire
1189 1811 1283 1858 naturae
1295 1809 1345 1858 siue
1357 1807 1537 1858 consuetudinis
1549 1807 1600 1858 sire
1612 1808 1739 1872 utriusque
1750 1825 1825 1860 eausa

200 1885 305 1954 τούτους
318 1885 365 1964 μὲν
377 1887 422 1947 καὶ
435 1887 536 1956 τούτοις
548 1888 651 1969 χαίρειν
668 1912 696 1948 τε
719 1889 765 1948 καί
780 1892 895 1948 ἐπαινεῖν
919 1886 987 1948 αὐτὰ
1002 1900 1020 1941 θ
1035 1898 1190 1960 conveniant,
1201 1897 1218 1948 ii
1229 1898 1306 1961 iisque
1316 1900 1345 1947 ut
1356 1896 1475 1960 gaudeant
1487 1908 1563 1958 eaque
1575 1894 1674 1944 laudent
1686 1899 1711 1946 et
1722 1897 1826 1959 pulelrra

201 1974 246 2033 καὶ
263 1975 466 2057 προσαγορεύειν
479 1976 550 2037 sati
563 1979 717 2056 ἀναγκαῖον,
727 1968 765 2046 οἶς
776 1980 799 2038 δ’
812 1977 844 2038 δν
856 1977 931 2058 παρδι
943 1978 987 2060 qt·
1033 1989 1168 2052 appellent,
1184 1987 1274 2051 quibus
1288 2000 1346 2037 rere
1363 1987 1451 2049 praeter
1465 1987 1579 2034 naturam
1598 1985 1637 2034 uei
1653 1986 1762 2035 animum
1784 1987 1825 2036 vel

202 2087 242 2122 σιν
264 2063 281 2136 ἢ
297 2065 393 2146 τρόπον
405 2065 424 2139 ἤ
442 2090 500 2125 τινα
521 2065 674 2142 ξυνήθειαν,
691 2067 749 2127 οὔτε
764 2068 865 2148 χαίρειν
881 2067 987 2128 δυνατὸν
1033 2075 1139 2139 aliquam
1150 2073 1350 2124 consuetudinem
1362 2073 1487 2136 accidant,
1496 2073 1514 2123 ii
1526 2087 1570 2124 uec
1584 2073 1688 2137 gaudem
1702 2089 1782 2138 neque
1796 2090 1826 2124 ea

201 2152 259 2213 οὔτε
271 2157 384 2214 ἐπαινεῖν
397 2145 495 2236 αἰσχρά
504 2179 532 2214 τε
541 2155 752 2238 προσαγορεύειν.
767 2148 804 2224 οἷς
817 2157 838 2216 δ’
851 2155 883 2216 διν
894 2155 927 2215 τὰ
941 2155 988 2233 μὲν
1034 2163 1132 2214 laudare
1147 2165 1248 2228 possum
1265 2165 1290 2213 et
1305 2163 1388 2226 turpia
1409 2163 1529 2226 appellare
1549 2167 1678 2226 coguntur.
1702 2165 1744 2228 qui
1764 2179 1826 2214 νετο

162 2263 188 2300 au
202 2246 247 2315 τῆς
255 2241 427 2326 ρύοεωςθρθδι
440 2243 624 2326 ξυμόαίνῃ,τδι
632 2245 659 2304 δὲ
672 2249 718 2316 τῆς
728 2244 864 2319 συνηθείας
875 2244 988 2320 ἐναντία,
1034 2255 1121 2303 natura
1133 2251 1233 2316 quidem
1252 2253 1333 2313 recte,
1345 2250 1385 2302 sed
1406 2251 1582 2301 cousuetudine
1595 2255 1692 2315 eontra,
1710 2253 1749 2302 uel
1763 2267 1825 2303 con·

202 2329 219 2403 ἢ
232 2329 265 2390 τά
280 2332 327 2410 μὲν
339 2337 386 2406 τῆς
398 2333 536 2407 συνηθείας
549 2332 634 2416 ὀρθὰ,
650 2334 683 2392 τὰ
696 2333 723 2392 δὲ
739 2340 785 2406 τῆς
799 2334 900 2416 φύσεως
913 2337 988 2393 ίναν-
1033 2341 1161 2393 suetudine
1171 2343 1251 2402 recte,
1265 2343 1352 2391 natura
1365 2347 1448 2390 contra
1461 2341 1592 2404 comparati
1609 2341 1670 2403 siut,
1685 2341 1701 2390 ii
1714 2341 1824 2393 delecta-

203 2419 260 2493 τία,
282 2411 353 2481 obser
370 2421 397 2481 δέ
421 2431 479 2491 ταῖς
501 2425 606 2495 ἡδοναῖς
628 2421 687 2490 τοίις
712 2423 832 2491 ἐπαίνους
859 2421 988 2488 ἐναντίους
1034 2430 1140 2480 tionibus
1159 2429 1292 2480 contrarias
1313 2428 1446 2493 praedicant
1469 2428 1569 2490 iaudes;
1589 2429 1740 2479 delectabilia
1758 2433 1826 2480 enim

148 2513 456 2591 θύθπροσαγορεύουσιν·
471 2512 536 2583 ἡδέα
549 2512 601 2592 γὰρ
611 2511 709 2571 τούτων
723 2509 822 2571 ἕκαστα
835 2502 902 2571 εἶναί
914 2536 987 2594 φασι,
1002 2529 1020 2568 a
1035 2521 1087 2569 iraec
1100 2519 1182 2569 omnia
1195 2532 1246 2568 esse
1262 2517 1360 2578 dieunt,
1375 2518 1415 2567 sed
1435 2531 1524 2582 prava,
1538 2520 1563 2566 et
1577 2531 1659 2566 coram
1674 2519 1743 2580 aliis,
1762 2533 1827 2581 quus

201 2597 302 2681 πονηρδι
318 2601 364 2675 δὲ,
378 2601 425 2660 καί
436 2601 552 2661 ἐναντίον
568 2601 655 2660 ἄλλοιν
667 2599 710 2669 οῦς
723 2600 820 2660 οἴονται
832 2609 933 2684 ρροντῖν
946 2605 988 2660 ei·
1033 2621 1117 2671 sapere
1137 2607 1291 2670 existimant,
1304 2605 1396 2670 pudore
1416 2605 1574 2669 probibentur
1588 2605 1624 2655 bis
1645 2607 1723 2657 modis
1735 2620 1826 2670 corpus

161 2695 185 2732 ⁹⁵
202 2686 342 2766 οχύνονται
354 2687 401 2765 μὲν
414 2694 540 2749 κινεῖσθαι
552 2693 589 2768 τῷ
605 2687 709 2767 σώματι
719 2689 750 2748 τδι
764 2695 882 2767 τοιαῦτα,
894 2690 988 2770 αἰσχύ·
1033 2710 1131 2747 ιιιοιιιτε
1143 2697 1186 2746 aut
1198 2709 1296 2755 canere,
1312 2695 1381 2758 quasi
1395 2696 1457 2746 serio
1467 2695 1567 2758 puicirra
1579 2709 1608 2746 ea
1622 2695 1826 2758 demonstrantes,

201 2798 289 2834 νονται
300 2777 328 2834 δὲ
343 2776 413 2858 ᾅδειν
429 2781 463 2844 ὡς
475 2777 680 2859 ἀποφαινόμενοι
693 2779 762 2838 καλά
779 2777 846 2856 μετά
858 2781 987 2855 σπουδῆς,
1034 2786 1098 2850 apud
1117 2799 1143 2836 se
1163 2798 1221 2835 sero
1243 2783 1356 2847 gattdent.
1367 2813 1398 2826 -
1411 2786 1454 2835 Cu.
1472 2785 1613 2835 Rectissime
1635 2785 1702 2835 dicis.
1715 2818 1747 2831 -
1760 2793 1824 2837 Aru.

201 2864 324 2944 χαίρουσι
337 2865 364 2924 δέ
381 2867 446 2944 παρ’
460 2871 555 2933 αὑτοῖς.
583 2900 624 2913 -
641 2871 701 2928 ttn.
727 2867 875 2946 Ὀρθότατα
896 2868 987 2948 λέγεις.
1034 2881 1105 2926 Estne
1120 2874 1192 2938 igitar
1205 2873 1272 2938 quod
1291 2875 1372 2923 damni
1387 2873 1478 2937 aliquid
1491 2873 1578 2924 atterat
1590 2875 1716 2937 pravitatis
1731 2875 1768 2926 vel
1782 2891 1826 2938 ge-

200 2986 241 2998 —
252 2954 315 3015 ΑΘ.
331 2957 397 3014 Μῶν
409 2945 452 3013 eds
467 2977 492 3012 τι
505 2954 607 3034 βλάύην
620 2955 673 3014 ἔσθ’
687 2955 778 3026 ἥντινα
793 2955 864 3038 φέρει
878 2961 915 3038 τῷ
927 2955 988 3038 χαί·
1033 2964 1110 3015 stibus
1128 2963 1167 3014 rel
1183 2962 1261 3013 modis
1276 2962 1404 3026 gersdeuti,
1415 2965 1458 3013 aut
1472 2961 1600 3014 utilitatem
1613 2977 1698 3015 rursus
1715 2964 1825 3027 aliquam

203 3065 272 3122 ροντι
285 3041 411 3122 πονηρίας
431 3042 449 3115 ἢ
465 3044 600 3124 σχήμασιν
615 3042 632 3115 ἢ
646 3043 765 3118 μέλεσινς
779 3044 796 3116 ἥ
808 3047 857 3103 τιν’
871 3045 986 3127 ὠφελίαν
1034 3053 1073 3114 iis,
1089 3053 1131 3117 qui
1154 3053 1276 3103 contrario
1301 3051 1374 3102 modo
1393 3051 1565 3103 delectationes
1587 3052 1767 3116 reetptmtt-
1777 3057 1823 3106 cs.

161 3145 187 3185 so
202 3121 235 3188 αύ
255 3134 309 3198 τοῖς
323 3131 386 3212 πρὸς
400 3132 525 3191 τάναντία
542 3131 588 3200 τάς
610 3131 703 3205 ἡδονδις
717 3132 933 3215 ἀπυδεχομένοιςς
948 3167 990 3180 -·
1034 3143 1228 3194 consentaneum
1248 3141 1468 3206 quidem-Aru.
1484 3144 1605 3192 Utrumne
1618 3145 1824 3204 consentaneum,

200 3223 264 3282 ΚΛ.
281 3219 359 3288 Εἰκός
373 3245 412 3300 γε.
437 3255 478 3267 -
492 3225 554 3285 ΑΘ.
582 3223 698 3302 Πότερον
714 3222 798 3297 εἰκὸς,
812 3223 830 3295 ἣ
845 3223 891 3282 καί
905 3223 1019 3302 ἀνάγ-ί)
1033 3246 1064 3283 an
1076 3234 1149 3282 ettam
1161 3231 1323 3282 necmmrium
1336 3233 1372 3282 est
1384 3230 1482 3294 perinde
1496 3242 1548 3281 esse
1560 3242 1590 3280 ae
1602 3231 1621 3280 sl
1636 3231 1690 3294 quis
1701 3232 1825 3283 malorum

201 3313 275 3368 καῖον
300 3311 394 3369 ταύτόν
423 3300 491 3369 εἶναι
521 3308 585 3392 όπερ
613 3310 675 3370 όταν
689 3317 741 3380 Ιτις
767 3314 888 3392 πονηροῖς
913 3313 988 3386 ἤθεσι
1033 3320 1158 3370 hominum
1172 3319 1252 3383 pravis
1270 3319 1378 3370 moribus
1392 3319 1518 3370 immistus
1536 3333 1586 3370 nou
1601 3320 1694 3382 oderit,
1707 3321 1748 3371 sed
1763 3335 1827 3385 gau·

201 3395 281 3466 ξυνὼν
302 3402 389 3458 κακῶν
405 3398 549 3480 ἀνθρώπων
573 3399 611 3478 μὴ
627 3405 708 3484 μισῇ,
722 3401 802 3482 χαίρῃ
818 3401 845 3461 δὲ
860 3403 988 3482 ἀποδεχό-
1033 3408 1089 3459 deat
1101 3409 1248 3472 probetque,
1262 3407 1422 3471 reprehendat
1435 3411 1518 3459 ῖιιιιιειι
1531 3409 1602 3471 quasi
1617 3408 1765 3460 ludibundus
1780 3425 1825 3474 per

201 3509 292 3563 μενος,
309 3485 377 3568 ψέγῃ
393 3486 419 3546 δέ
437 3489 471 3556 ύις
486 3493 512 3548 έν
525 3491 630 3557 παιδιᾶς
644 3492 724 3573 μοίρῃ
740 3491 898 3572 ὀνειρώττων
911 3497 989 3551 αὑτοῦ
1034 3511 1146 3548 somnum
1160 3496 1300 3560 conspicans
1312 3497 1449 3560 suam·ipse
1461 3499 1622 3560 pravitatem?
1637 3501 1696 3548 tuuc
1715 3500 1821 3550 sinaitam

163 3593 188 3632 ss
200 3573 247 3645 τλν
263 3576 410 3656 μοχθηρίαν
423 3599 431 3656 3
444 3577 502 3636 τότε
528 3581 681 3657 ὁμοιοῦσθαι
701 3579 732 3652 δή
749 3604 799 3639 που
823 3582 925 3660 ἀνάγκη
943 3580 987 3641 τὸν
1033 3588 1119 3652 otique
1134 3601 1231 3638 necesse
1244 3588 1282 3637 est
1301 3585 1351 3636 lieri
1365 3587 1509 3650 gaudentem
1524 3588 1689 3650 utriseumque
1702 3588 1824 3651 gaudeat,

201 3665 329 3744 χαίροντα
352 3663 484 3745 ὁποτέροις
499 3665 530 3724 ἀν
549 3665 648 3748 χαίρῃ,
669 3665 714 3727 ἐὰν
729 3667 780 3750 α’ίρα
804 3671 848 3729 καί
875 3673 988 3729 ἐπαινεῖν
1033 3677 1127 3726 etiamsi
1140 3675 1238 3726 laudare
1253 3688 1281 3725 ea
1301 3675 1394 3739 pudore
1413 3675 1504 3726 scilieet
1517 3677 1681 3740 prohibeatur.
1696 3679 1721 3727 et
1739 3680 1825 3728 ῖειτιειι

203 3752 371 3833 αἰσχύνηται.
400 3754 487 3814 καίτοι
514 3761 559 3814 τοῦ
587 3755 704 3816 τοιούτου
729 3757 756 3817 τί
779 3762 865 3834 μεῖζον
891 3759 993 3837 ἀγαθὸν
1033 3764 1091 3828 quid
1105 3763 1347 3827 maiustrocbonum
1363 3764 1486 3815 malumve
1500 3765 1570 3816 nobis
1584 3767 1650 3816 omni
1665 3769 1764 3829 cogente
1779 3781 1826 3818 ne·

202 3839 310 3911 ἣιιακδν
325 3844 421 3923 φαῖμεν
440 3843 471 3902 δν
485 3845 549 3919 ἡμῖν
568 3846 598 3903 ἐκ
609 3845 695 3914 πάσης
712 3847 828 3927 ἀνάγκης
841 3847 973 3928 γίγνεσθαι
979 3872 987 3922 ;
1033 3854 1142 3904 cessitate
1163 3854 1272 3904 accidere
1290 3853 1417 3904 dicemus?
1431 3884 1456 3898 -
1468 3855 1510 3904 Gn.
1528 3855 1611 3917 Nitril,
1635 3857 1662 3904 ut
1674 3855 1732 3904 milri
1753 3855 1824 3906 uide·

199 3963 240 3975 -
252 3934 312 3991 ΚΛ.
321 3936 398 3990 Δοκῶ
407 3931 454 4009 μὲν
465 3933 663 3997 οὐδέν-ΑΘ.
673 3933 763 3996 Ὅπου
774 3937 805 4009 δὴ
816 3937 892 4014 νόμοι
902 3938 988 4005 καλῶς
1033 3946 1082 3993 tur.
1095 3948 1196 3994 -Arn
1209 3943 1257 3994 Ubi
1271 3943 1344 4006 igitur
1361 3942 1430 3994 bonis
1441 3944 1534 4008 legibus
1546 3944 1615 3996 loeus
1633 3946 1670 3995 est
1685 3946 1729 3994 aut
1747 3945 1825 3996 etiam

159 4039 186 4076 tn
201 4018 251 4078 etsi
263 4018 377 4096 κείμενοι
392 4019 409 4091 ἢ
426 4020 472 4079 καί
489 4015 525 4088 εἰς
536 4022 580 4081 τὸν
596 4023 688 4082 ἔπειτα
702 4025 794 4105 χρόνον
810 4025 928 4098 ἔσονται,
939 4025 986 4098 τδν
1001 4045 1019 4086 c
1033 4033 1078 4082 erit
1098 4032 1258 4096 inposterum
1270 4034 1382 4095 tempus,
1393 4033 1458 4084 ibine
1472 4033 1631 4084 eruditionem
1644 4035 1773 4098 lusumque
1793 4037 1825 4085 ad

201 4108 261 4188 trapi
277 4108 323 4174 τὰς
337 4109 445 4176 Μούσας
459 4110 580 4170 παιδείαν
594 4113 680 4172 τεκαὶ
694 4115 801 4174 παιδιὰν
814 4115 921 4193 οἰόμεθα
933 4114 988 4184 έξέ-
1034 4125 1116 4173 Musas
1123 4125 1272 4188 spectantem
1281 4123 1382 4174 arbitrio
1392 4125 1531 4188 permissam
1543 4127 1593 4177 tore
1604 4129 1719 4190 putamus
1728 4128 1825 4190 poetica

201 4201 292 4254 σεσθαι
312 4203 365 4263 τοῖς
380 4205 539 4270 ποιητικοῖς,
553 4197 658 4282 ὅτιπερ
672 4199 704 4260 δν
719 4203 797 4261 αὐτὸν
816 4201 859 4262 τὸν
875 4202 987 4276 ποιητὴν
1034 4211 1150 4262 facultate
1173 4211 1343 4274 praeditorum,
1363 4216 1391 4263 ut
1404 4214 1523 4278 quidquid
1536 4215 1616 4279 ipsum
1636 4219 1732 4280 ροοίαιιι
1746 4217 1770 4266 in
1787 4219 1826 4267 la·

200 4287 227 4344 έν
241 4289 273 4363 τῇ
286 4286 392 4355 ποιήσει
407 4285 490 4365 τέρπῃ
505 4290 604 4367 ῥυθμοῦ
618 4287 636 4361 ἢ
653 4288 748 4364 μέλους
760 4290 777 4362 ἢ
794 4291 910 4372 ῥήματος
927 4292 987 4372 ἐχό-
1033 4299 1125 4350 ciendis
1138 4300 1285 4350 carminibus
1301 4301 1405 4354 delectet
1418 4317 1575 4355 numerorum
1588 4306 1627 4355 rel
1641 4307 1770 4356 modorum
1784 4307 1825 4356 vet

129 4366 137 4376 '
202 4381 382 4451 μενον,τοῦτο
396 4373 553 4434 διδάσκοντα
566 4377 612 4436 καί
623 4375 682 4445 τούς
692 4383 744 4438 τῶν
758 4379 875 4457 εὐνόμων
889 4384 987 4448 παῖδας
1033 4389 1162 4439 ιιιιῖιοτιιιιι
1179 4403 1322 4476 ειρτςειιετε,
1336 4391 1360 4442 id
1376 4391 1660 4457 filiusqucqueiliorum
1673 4368 1743 4445 bdnis
1759 4394 1822 4458 legi·

159 4483 184 4520 tn
200 4461 245 4522 καί
255 4461 325 4530 νέους
340 4464 366 4519 ἐν
378 4471 430 4530 τοῖς
440 4465 526 4544 χοροῖς
536 4464 575 4524 ότι
592 4464 623 4526 διν
636 4466 705 4546 τύχῃ
720 4469 913 4549 ἀπεργάζεσθαι
923 4467 987 4549 πρδς
1032 4477 1078 4529 bus
1095 4480 1216 4529 utentium
1237 4479 1451 4545 adolescentesque
1464 4481 1554 4532 docens
1572 4485 1597 4533 tn
1615 4483 1695 4533 ultoris
1709 4483 1770 4534 tales
1791 4485 1823 4533 ad

200 4549 293 4632 ἀρετὴν
305 4551 322 4622 ἢ
335 4551 492 4632 μοχθηρίαις
505 4586 546 4599 -
559 4557 622 4618 ΚΛ.
637 4555 720 4616 Οὗτοι
736 4557 767 4630 δὴ
782 4559 857 4617 τοῦτό
869 4583 898 4638 γε
911 4560 986 4630 λόγον
1032 4568 1147 4619 uirtutem
1162 4571 1208 4618 aut
1222 4570 1367 4633 pravitatem
1382 4569 1483 4633 reddat,
1493 4571 1576 4634 quales
1586 4573 1635 4622 turs
1650 4573 1765 4622 ieratt—
1775 4575 1822 4623 cs.

199 4639 269 4718 ἔχει·
284 4642 339 4708 πῶς
351 4641 403 4721 γάρ
419 4641 466 4714 άν;
487 4675 528 4686 -
541 4646 605 4705 ΑΘ.
631 4647 688 4706 Νῦν
703 4642 730 4703 δέ
745 4669 775 4726 γε
790 4647 853 4707 αιἰτδ
878 4652 912 4716 όις
926 4646 987 4717 ἔπος
1032 4657 1129 4708 lluiiam
1144 4658 1251 4721 protecto
1261 4657 1325 4709 istud
1339 4647 1454 4710 rationem
1467 4659 1555 4710 babet:
1566 4662 1682 4724 qutenim
1690 4663 1826 4725 possit?-

198 4729 279 4786 εἰπεῖν
302 4731 328 4787 ἐν
343 4729 440 4797 πάσαις
460 4731 517 4798 ταῖς
531 4731 637 4792 πόλεσιν
650 4732 733 4802 ἔξεστι
750 4736 828 4816 δρᾷν,
843 4737 911 4810 πλὴν
924 4741 983 4798 κατ’
996 4733 1018 4799 d
1033 4752 1095 4799 Ατιι.
1114 4749 1184 4798 Nunc
1197 4760 1256 4798 vero
1276 4747 1301 4798 id
1316 4737 1399 4811 ipsum¹
1416 4750 1542 4811 omnibus,
1553 4753 1581 4799 ut
1595 4749 1629 4799 ita
1641 4749 1736 4814 dicant,
1748 4751 1774 4800 in
1785 4753 1824 4800 ei-

197 4815 341 4896 Αίγυπτον.
350 4851 391 4864 -
403 4821 463 4880 Kli.
480 4819 527 4880 Ἐν
537 4820 665 4904 Αἰγύπτῳ
679 4823 705 4881 δὲ
721 4823 751 4895 δὴ
764 4828 818 4892 πῶς
830 4825 860 4884 τὸ
871 4833 985 4887 τοιοῦτον
1030 4837 1145 4888 sitatibus
1158 4837 1236 4887 tacere
1251 4837 1307 4888 lieet
1323 4841 1427 4902 AEgypto
1441 4842 1549 4903 excepta.
1563 4866 1594 4875 -
1609 4841 1653 4890 (ts.
1669 4843 1697 4890 ln
1714 4843 1822 4904 AEgypto

152 4929 180 4965 ὀυ
199 4899 248 4986 φῂς
266 4912 504 4987 νενομοθετῆσθαῑς
525 4944 566 4956 -
591 4913 655 4974 ΑΘ.
683 4914 783 4990 Θαῦμα
803 4913 847 4972 καί
865 4919 984 4976 ἀκοῦσαι.
1030 4926 1822 4992 autemquoigiturmodoboelegemnstitutumessedicisl-

197 4991 280 5050 πάλαι
295 4992 346 5074 γάρ
362 4995 394 5068 δή
409 5019 488 5070 ποτε,
509 5003 544 5066 ὡς
559 4999 658 5078 ἔοικεν,
683 5000 800 5080 ἐγνώσθη
814 5007 878 5084 παρ’
899 5007 985 5074 αὐτοῖς
1031 5023 1093 5070 Aru.
1115 5019 1203 5068 itltrum
1224 5030 1281 5068 sane
1302 5016 1397 5067 auditu.
1409 5017 1554 5081 jamdudum
1571 5017 1652 5082 euim,
1672 5020 1700 5068 ut
1714 5018 1820 5082 ridetur,

198 5074 271 5150 οὗτος
284 5087 298 5143 δ
312 5083 403 5164 λόγος,
418 5084 446 5144 δν
464 5085 499 5146 τδι
513 5094 557 5146 νῦν
572 5089 682 5169 λέγομεν
696 5095 786 5169 ἡμεῖς,
801 5091 841 5151 ότι
854 5092 924 5152 salt
938 5094 985 5172 μέν
1031 5107 1181 5158 intellectum
1194 5106 1258 5170 apnd
1271 5119 1311 5158 eos
1325 5106 1385 5157 iilud
1397 5109 1452 5170 est,
1466 5109 1532 5172 quod
1545 5122 1613 5158 nuuc
1624 5107 1753 5160 statuimus
1765 5121 1820 5170 uos,

198 5171 340 5253 σχήματα,
351 5173 421 5233 καλά
436 5174 463 5233 δέ
477 5175 545 5252 μέλη
561 5179 602 5237 δεῖ
615 5182 842 5261 μεταχειρίζεσθαι
854 5189 911 5250 ταῖς
925 5203 984 5242 συν·
1032 5197 1146 5261 pulcinos
1155 5197 1237 5259 gestus
1246 5199 1269 5247 et
1280 5195 1395 5260 pulcinos
1405 5197 1490 5248 modos
1500 5210 1544 5248 usu
1553 5197 1754 5248 tractandosesse
1763 5195 1821 5248 ado

197 5262 295 5334 ηθείαις
308 5261 366 5330 τοὺς
389 5265 415 5324 ἐν
427 5272 484 5332 ταῖς
496 5265 588 5326 πόλεσι
602 5269 681 5338 νέους.
698 5271 839 5350 ταξάμενοι
855 5271 882 5330 δὲ
902 5277 984 5333 ταῦτα
1031 5285 1177 5336 lescentibus
1192 5285 1216 5335 in
1234 5285 1383 5338 civitatibus.
1398 5301 1439 5338 eos
1454 5301 1511 5338 roro
1524 5287 1624 5351 quinam
1644 5289 1668 5336 et
1683 5299 1768 5350 quares
1780 5299 1821 5336 es-
