3860 5858
162 329 215 386 ιιι
436 335 438 340 v
809 307 948 372 nonan
971 307 1067 370 niun.
1092 305 1128 367 a.
1652 293 1799 374 (εοεαε.)
1858 349 1863 359 .
1912 345 1915 358 .

159 453 267 531 είπομεν
289 451 338 523 τλν
356 452 409 509 τῶν
422 447 603 528 Ἡρακλειδῶν
624 443 748 505 ἀποικίαν
761 445 891 523 εὐτυχεῖν,
908 445 944 510 ὡς
991 445 1016 496 iu
1031 459 1081 510 quo
1094 444 1275 496 llommidarum
1286 441 1406 492 nohmam
1418 440 1566 490 fortunatam
1578 434 1800 501 praedlnarlmns,

157 545 207 621 γῆς
226 538 271 599 καί
283 541 369 620 χρεῶν
392 539 528 608 ἀποκοπῆς
548 535 594 596 καί
615 539 697 613 νομῆς
716 532 775 613 πέρι
795 530 881 606 δεινήν
900 531 945 591 καὶ
991 535 1055 598 quod
1069 534 1100 584 de
1121 545 1233 596 agrorum
1249 534 1323 595 atqno
1337 529 1394 580 reris
1408 528 1480 579 alieni
1494 527 1630 578 sublatione
1649 527 1736 590 atque
1751 523 1803 576 dis·

158 628 318 689 transivimus
338 625 392 706 ίριν
413 624 544 706 ἐξέφυγεν,
563 624 595 697 ήν
610 626 805 702 νομοθετεῖσθαι
827 625 944 700 θναγκα-
991 633 1123 684 tributione
1132 645 1231 696 gravem
1248 635 1273 682 et
1287 629 1446 694 periculosam
1460 628 1643 679 contentionem
1658 625 1765 677 evitare
1779 623 1802 674 ei

120 731 123 739 '
159 718 249 796 σθείσῃ
269 717 344 775 πολει
365 719 416 774 τῶν
438 714 557 794 ἀρχαίων
572 711 630 772 ούτε
644 716 688 772 ἐᾶν
705 701 798 770 οἷόντε
822 709 975 782 ἀκίνητυνι]
992 721 1090 785 liceret,
1102 735 1175 786 quam
1188 719 1326 784 legesierre
1341 721 1425 769 coacta
1438 717 1523 768 ciuitas
1535 731 1566 768 ex
1581 714 1699 780 antiquis
1716 727 1804 777 neque

119 833 130 869 s
158 801 212 867 αὖτ’
224 796 258 866 αύ
270 813 349 866 κινεῖν
365 803 473 864 δυνατόν
484 803 540 863 ἐστί
554 827 613 863 τινα
625 801 732 883 τρόπον,
748 798 813 879 εὐχὴ
827 798 854 858 δὲ
866 799 944 876 μόνον
991 811 1119 861 immotam
1136 811 1272 874 relinquere
1289 822 1369 874 neque
1383 821 1466 859 rursus
1480 820 1579 856 morere
1601 805 1803 869 quodammodo

159 901 194 966 ὡς
206 895 267 964 ἔπος
281 895 362 955 εἰπεῖν
374 892 495 953 λείπεται
504 891 551 952 καλ
563 890 663 971 σμικρὰ
677 889 821 968 μετόύασις
833 887 947 960 εὐλαύῆς
993 902 1086 963 μυίαις,
1102 899 1144 950 sed
1160 899 1240 949 solum
1257 897 1433 962 propemodum
1448 899 1533 947 sotum
1547 895 1665 946 relietum
1680 892 1764 944 babet
1778 893 1805 942 et

161 990 187 1047 ἔν
205 987 297 1067 πολλῷ
313 983 402 1066 χρόνῳ
426 982 536 1062 σμικρὸν
558 979 789 1059 μεταόιόόζουσιν,
811 977 874 1056 ήδε,
894 982 946 1036 τῶν
993 988 1110 1052 paulatim
1132 987 1276 1038 tentandum
1295 1001 1352 1036 eum
1371 986 1483 1036 cautione
1507 984 1637 1035 transitum
1663 983 1750 1045 longo
1778 981 1805 1030 in

160 1075 300 1136 κινούντων
326 1073 369 1132 ἀεὶ
393 1069 562 1147 κεκτημένων
583 1067 631 1148 plo
653 1070 739 1128 αὐτῶν
763 1072 812 1147 γῆν
836 1067 945 1150 ἅρθονυν
992 1080 1102 1141 tempora
1111 1077 1213 1142 paulum
1224 1072 1408 1127 deflectentibus
1419 1074 1651 1135 itainstitnendum‚
1667 1075 1701 1124 ut
1711 1073 1807 1122 aueto-

61 1183 64 1188 ·
162 1163 299 1244 ὁπύρχιιν,
317 1159 486 1237 κεκτημένων
507 1159 534 1220 δὲ
549 1158 595 1220 καί
618 1157 752 1239 ὁρειλότας
769 1161 857 1225 αὑτοῖς
873 1157 947 1216 πολ-
994 1167 1062 1218 ribus
1075 1165 1216 1217 mutationis
1236 1167 1355 1230 cujusque
1371 1168 1396 1216 et
1409 1177 1522 1230 agrorum
1535 1163 1628 1214 allatim
1645 1159 1807 1227 possidenti·

124 1269 148 1309 ¹⁰
161 1251 222 1320 λοθς
228 1249 367 1312 ἐθελόντων
378 1273 406 1310 τε
415 1248 513 1310 τούτων
522 1273 561 1321 πη
570 1251 623 1313 τοῖς
630 1245 817 1325 ίπορουμίνοος
825 1243 859 1304 δι’
870 1243 949 1306 ίπιαί·
994 1258 1041 1307 bats
1048 1256 1106 1320 ipsis
1118 1257 1198 1306 locum
1212 1256 1300 1306 habeat
1312 1261 1337 1306 et
1345 1269 1395 1305 aere
1406 1255 1484 1304 alieno
1495 1253 1624 1304 obstrictos
1635 1253 1686 1303 sibi
1701 1253 1806 1302 multos

164 1347 237 1399 κεἰαν
259 1343 390 1399 κοινωνεῖν
410 1336 443 1396 τόι
462 1335 510 1415 μὲν
531 1333 667 1418 όριόντας,
682 1333 715 1393 τό
729 1333 756 1392 δὲ
776 1333 947 1411 νεμομένους,
965 1345 1138 1396 enubentibus
1154 1345 1289 1408 horumque
1306 1357 1362 1394 oum
1377 1342 1488 1406 inopibus
1499 1343 1589 1393 comite
1602 1341 1806 1393 communicare

163 1427 292 1505 ὁμηγόπή
307 1433 354 1501 τῆς
369 1423 538 1508 μετριότητος
550 1425 691 1506 ἔχομίνους
705 1423 750 1482 καί
765 1422 856 1482 αονίαν
870 1427 948 1500 ἡγου·
994 1435 1132 1486 volentibus
1143 1435 1231 1498 partim
1244 1433 1397 1496 remittendo,
1407 1433 1494 1496 parlim
1504 1431 1676 1483 distribuendo
1686 1467 1695 1492 ,
1707 1429 1805 1495 utique

124 1577 128 1588 γ
163 1515 256 1593 μόνους
269 1505 338 1576 εἶναι
351 1515 389 1595 μὴ
401 1513 490 1588 τθτήν
503 1513 594 1574 θύσίαν
609 1513 710 1572 ἐλάττω
723 1519 819 1588 ποιεῖν,
835 1509 904 1570 illd
918 1509 948 1568 τί)
995 1523 1245 1574 nonantulensibus
1259 1526 1283 1574 et
1298 1527 1464 1587 paupertatem
1477 1535 1526 1572 lton
1539 1523 1564 1571 in
1582 1535 1658 1586 opum
1673 1520 1806 1571 imminu-

164 1606 211 1674 τήν
224 1604 374 1679 ἀπληστίαν
387 1605 482 1666 πλείω.
496 1600 629 1682 σωτηρίας
645 1623 675 1660 το
688 1599 767 1682 γαροί
784 1599 821 1680 χλ
837 1598 948 1678 μεγίστη
994 1615 1074 1676 hone,
1087 1612 1129 1664 sed
1151 1612 1178 1664 in
1193 1613 1334 1676 cupiditatis
1347 1613 1498 1662 incremento
1516 1611 1620 1675 positam
1637 1625 1696 1661 osse
1711 1609 1805 1661 existi-

127 1713 150 1751 ιο
165 1695 266 1763 πολεως
280 1693 348 1767 αὕτη
361 1694 492 1774 γίγνεται,
506 1693 552 1752 καί
568 1690 612 1752 ἐπὶ
631 1687 727 1762 ταύτης
750 1623 803 1748 οίον
824 1690 949 1771 κρηπῖδος
994 1704 1124 1754 mantibus.
1138 1701 1223 1754 salutis
1234 1703 1298 1752 enim
1313 1701 1415 1765 publicae
1427 1700 1561 1751 maximum
1573 1700 1619 1750 hue
1632 1700 1665 1752 sit
1681 1699 1805 1760 initium,

165 1783 276 1863 μονίμου
291 1785 471 1861 troanodensis
483 1780 592 1841 δυνατὸν
607 1777 694 1838 όντινα
709 1777 740 1837 ἃν
756 1777 863 1860 ύστερον
878 1781 949 1837 inor·
995 1795 1020 1842 et
1042 1792 1068 1842 ln
1081 1791 1129 1842 hoo
1151 1794 1278 1856 tamquam
1303 1790 1461 1841 fundamento
1489 1789 1567 1839 solido
1586 1790 1674 1840 instrui
1702 1788 1805 1852 poterit

164 1873 265 1951 κοθομῇ
281 1895 319 1940 τίς
338 1870 437 1950 κύαμον
450 1869 583 1930 πυλντῑκθν
604 1866 771 1947 προσήκοντα
792 1872 826 1947 τῇ
839 1865 949 1945 τοῑαθαῃ
996 1895 1175 1946 quemeumque
1188 1882 1244 1945 quis
1260 1881 1343 1945 postea
1362 1879 1482 1931 iustruere
1497 1879 1557 1929 velit
1581 1893 1664 1929 rerum
1679 1877 1803 1928 civilium

165 1959 342 2021 κοκαοςοίοςῑ·
357 1960 454 2033 ταύτης
468 1959 495 2019 θθ
510 1964 608 2040 οαθρᾶς
622 1955 701 2030 οθοης
713 1961 761 2028 τῆς
781 1955 951 2032 μαςαθθοοως
996 1971 1106 2021 ordinem
1121 1969 1260 2033 hujusmodi
1276 1969 1421 2020 institutioni
1444 1968 1646 2029 convenientem
1663 1967 1806 2018 laborante

116 2053 213 2122 737on
229 2049 337 2132 εὔπορος
355 2054 372 2122 ἡ
391 2048 459 2124 μετὰ
477 2055 562 2108 ταῦτα
585 2046 707 2118 πολιτικὴ
729 2045 821 2126 πρᾶξις
841 2044 951 2122 οθθςμία
965 2066 984 2106 a
998 2073 1055 2110 nero
1071 2059 1118 2110 boo
1141 2059 1243 2110 transitu
1260 2059 1319 2109 nihil
1336 2073 1437 2121 eorum,
1454 2072 1508 2122 que
1525 2060 1607 2121 postea
1621 2059 1735 2120 agamur
1751 2069 1804 2120 pu·

127 2168 153 2206 εο
166 2139 273 2221 γίγνοντ’
289 2139 320 2198 θον
339 2140 423 2199 πόλει.
439 2139 472 2212 ἣν
486 2141 564 2216 ἡμεῖς
585 2135 644 2215 μίν,
659 2133 695 2204 θὀς
717 2158 812 2216 φαμεν,
827 2132 952 2216 ίκροθγο·
998 2151 1075 2212 θίίοε,
1092 2163 1140 2200 non
1154 2149 1253 2200 diffisis
1265 2149 1359 2200 assidet
1374 2149 1475 2199 civitati.
1493 2162 1566 2211 quem
1578 2160 1623 2197 nos
1637 2147 1762 2211 quidem,
1775 2147 1805 2195 ut

168 2250 225 2308 μον·
239 2225 311 2308 θμοος
322 2225 349 2286 θί
366 2226 485 2310 οίρῆοθαί
496 2249 526 2305 γυ
538 2223 683 2307 apodasmo,
700 2225 723 2282 υί
739 2222 784 2283 καί
797 2221 834 2300 pb
850 2221 954 2304 θίοροθ·
998 2240 1149 2305 profitemur,
1164 2239 1299 2302 evitamus;
1322 2237 1364 2289 sed
1380 2240 1463 2289 tamen
1482 2236 1575 2286 dietum
1592 2237 1664 2286 luerit
1682 2236 1785 2286 rectius
1794 2271 1804 2297 ,

166 2315 320 2394 i⁰l²⁸b3l¹⁷l
337 2316 396 2376 ποκ’
411 2314 443 2374 θκ
460 2313 618 2388 θπθῑυθμίθα
637 2315 718 2384 sorba
731 2311 779 2384 τὴν
803 2333 820 2392 φ
855 2311 898 2384 οίν·
917 2311 952 2369 ίί·
1003 2342 1051 2393 qua
1068 2329 1178 2391 ratione,
1194 2328 1288 2378 etiamsi
1304 2341 1353 2378 uon
1368 2326 1529 2388 evitaremus,
1552 2325 1628 2375 vitare
1649 2339 1709 2375 eum
1729 2324 1801 2374 insti·

169 2406 258 2489 ροίοθο)
272 2403 304 2477 δὴ
327 2411 382 2478 νθν,
400 2403 441 2464 θτί
458 2403 503 2464 θῑθ
524 2408 569 2464 τοῦ
594 2401 632 2478 μὴ
654 2403 862 2484 ρίθυχροιμοτοῑν
885 2399 953 2477 iliiat
998 2419 1131 2468 tueremur.
1148 2416 1229 2479 itaque
1244 2416 1337 2466 dietum
1351 2418 1403 2466 esto
1415 2428 1496 2473 nuno,
1509 2401 1555 2476 i'ta,
1571 2415 1598 2464 ut
1612 2414 1749 2464 auaritiam
1764 2414 1800 2462 lu-

168 2494 256 2568 δίκης,
277 2495 344 2566 ἄλλη
360 2493 383 2552 θ’
397 2495 446 2552 υθκ
467 2491 537 2551 ίοτῑν
555 2489 610 2550 οὔτ’
624 2491 711 2572 οὗροῖα
732 2487 792 2550 οὖτα
815 2488 893 2560 οοονολ
908 2494 954 2562 τῆς
998 2520 1110 2569 geremus
1124 2519 1180 2555 oum
1194 2503 1302 2568 justitia,
1320 2505 1387 2554 aliud
1405 2516 1461 2554 nero
1478 2503 1573 2552 nullum
1588 2516 1639 2553 esse
1653 2516 1700 2552 nee
1716 2503 1803 2553 latum

128 2600 154 2640 tt
168 2583 291 2658 τοιαύτης
312 2587 436 2664 μηχανῆς
456 2581 582 2663 διαφυγή.
596 2579 642 2640 καί
663 2585 740 2640 τοῦτο
753 2577 802 2658 μίν
817 2568 869 2639 οἷον
884 2579 953 2658 ίρμοι
998 2605 1044 2643 nae
1056 2594 1185 2655 augustum
1200 2591 1270 2641 istius
1284 2591 1383 2641 remedii
1398 2590 1523 2654 οίῐιιςίυιο.
1539 2593 1611 2655 κίοιτε
1623 2591 1670 2641 hoe
1691 2591 1803 2656 quidem

169 2672 268 2740 πόλεως
287 2673 352 2749 ἡμῖν
372 2672 469 2732 κείσθω
481 2671 514 2731 nh
529 2677 581 2730 νῦν·
596 2669 770 2750 ἀνεγκλήτους
786 2666 838 2750 γίιρ
853 2669 893 2728 δεῖ
907 2669 954 2736 τόις
999 2683 1125 2746 tamquam
1140 2681 1253 2732 columen
1265 2679 1369 2731 civitatis
1385 2694 1451 2730 nunc
1466 2681 1535 2731 nobis
1557 2681 1661 2743 positum
1677 2685 1754 2743 est03
1771 2683 1801 2730 ut

168 2761 257 2829 ούσίας
273 2763 337 2843 πρὸς
358 2761 488 2832 ἀλλήλους
509 2759 752 2828 κατασκευάζεσθαι
767 2757 952 2838 ἁμωσγέπως,
963 2759 986 2823 b
999 2783 1064 2821 enim
1077 2771 1159 2820 liberae
1173 2785 1187 2820 a
1204 2769 1296 2820 mutuis
1314 2770 1457 2820 criminibus
1470 2770 1518 2819 sint
1540 2770 1682 2830 facultates,
1706 2771 1801 2833 utique

171 2847 189 2921 ἢ
207 2846 244 2927 μὴ
259 2847 378 2930 πρυῖίναῑ
395 2849 520 2930 πρότερον
534 2846 759 2928 οίςςοθμπροσθεν
777 2845 869 2906 ἑκόντα
889 2837 956 2906 εἶναι
1001 2861 1136 2910 curandum
1152 2861 1208 2922 est,
1226 2863 1268 2909 aut
1289 2873 1336 2909 non
1359 2859 1425 2923 prius
1446 2859 1593 2923 pergendum
1608 2859 1753 2909 voluntario
1766 2857 1800 2907 ad

170 2941 217 3008 τῆς
230 2937 314 3010 ’ἄλλης
333 2941 499 3009 κατασκευῆς
516 2927 552 3004 οἷς
565 2928 583 3016 ᾖ
597 2934 711 2995 παλαιὰ·
721 2933 877 3014 ἐγκλήματα
892 2933 956 3015 πρὸς
1002 2949 1119 3013 reliquam
1136 2963 1219 2998 euram
1229 2948 1389 2999 adhibendam
1401 2949 1490 3011 quibus
1504 2952 1586 2998 retem
1598 2950 1659 2998 inter
1670 2949 1738 3011 ipsos
1748 2949 1800 2998 cri·

132 3047 159 3088 oo
171 3025 316 3102 ἀλλήλους,
333 3025 379 3086 καλ
393 3025 463 3093 ὅσοις
475 3030 519 3086 νοῦ
532 3025 579 3083 καί
597 3023 707 3105 σμικρὸν
723 3028 801 3104 μετῇ.
816 3014 853 3091 οἷς
864 3023 907 3100 δὲ,
921 3027 957 3091 ὡς
1002 3037 1067 3088 mina
1084 3037 1132 3087 sint
1141 3075 1148 3100 ,
1158 3039 1183 3088 et
1192 3037 1236 3101 qui
1245 3037 1284 3087 vel
1299 3037 1424 3099 paululum
1438 3036 1540 3100 sapiant.
1553 3037 1641 3100 quibus
1653 3040 1755 3098 autem,
1771 3038 1800 3086 ut

170 3116 235 3194 ἡμῖν
247 3120 304 3190 νῦν,
319 3115 375 3183 θαθς
390 3115 471 3178 ίδωκε
490 3113 583 3187 καινήν
600 3137 629 3173 τε
641 3113 719 3174 πολιν
737 3112 840 3182 οἰκίζειν
854 3111 900 3172 καί
918 3112 955 3189 μή
1002 3127 1074 3177 nobis
1089 3141 1170 3188 nunu,
1180 3127 1241 3178 deus
1254 3129 1279 3176 et
1291 3139 1380 3177 noram
1398 3125 1521 3177 civitatem
1534 3126 1685 3191 condendam
1699 3125 1799 3176 dederit

171 3228 242 3272 τινας
256 3203 351 3284 ἔχθρας
365 3194 434 3263 εἶναί
449 3229 492 3262 πω
506 3204 569 3283 πρὸς
588 3201 731 3276 ἀλλήλους,
742 3202 847 3270 τούτους
860 3200 958 3283 ίχθρας
1002 3219 1028 3267 et
1043 3216 1159 3267 amutuis
1169 3215 1299 3265 inimicitiis
1312 3214 1475 3275 vacuitatem,
1488 3214 1542 3264 hisi
1555 3213 1738 3264 inimicitiarum
1750 3213 1798 3276 ipsl

172 3295 258 3359 αὑτοῖς
276 3290 373 3359 αἰτίους
390 3290 510 3372 γενέσθαι
529 3290 572 3350 διόι
589 3289 638 3362 τήν
656 3290 784 3368 διανομὴν
804 3294 851 3362 τῆς
863 3294 912 3370 γῆς
929 3313 958 3349 το
1003 3306 1048 3356 sibi
1060 3312 1156 3370 propter
1171 3318 1283 3368 agrorum
1300 3305 1324 3354 et
1341 3303 1517 3354 habitationum
1533 3303 1728 3353 distributionem
1748 3315 1797 3352 au·

172 3381 218 3441 καί
236 3379 363 3452 οἷκήοοων
381 3383 429 3439 οθκ
444 3379 601 3462 οἷνθρίοπονος
613 3377 644 3440 θν
663 3379 703 3452 οίη
720 3379 787 3458 μοςθ
803 3379 886 3451 κοίκης
902 3379 958 3438 ποί·
1003 3397 1082 3447 atores
1095 3396 1220 3455 exsistant,
1233 3408 1264 3444 ne
1274 3395 1318 3444 iata
1331 3405 1416 3458 parum
1430 3393 1538 3444 bumana
1550 3393 1582 3442 sit
1594 3392 1726 3444 cumomni
1738 3405 1797 3458 pra-

58 3532 62 3540 ,
132 3487 159 3526 οο
173 3494 219 3545 on:
232 3469 343 3548 ἀμαθία.
1004 3485 1078 3535 ritate
1092 3485 1221 3547 conpuncta
1232 3483 1336 3534 inscitia.

215 3560 264 3626 Τίς
280 3549 324 3619 σύν
337 3558 368 3632 δή
381 3558 475 3641 τρόπος
488 3559 519 3619 ἂν
531 3558 572 3635 είη
584 3563 630 3632 τῆς
646 3561 723 3640 ὀρθῆς
736 3560 877 3636 διανυμῆς;
888 3561 960 3639 πρῶ-
974 3570 992 3612 0
1037 3577 1156 3633 Quaenam
1171 3573 1243 3635 igitur
1257 3572 1318 3622 ratio
1332 3571 1378 3622 erit
1393 3573 1466 3622 rectae
1483 3571 1675 3622 distributionis?
1687 3569 1796 3635 primum

174 3674 218 3710 τον
238 3649 286 3728 μὲν
301 3649 344 3708 τόν
365 3653 451 3709 αὐτῶν
469 3649 545 3730 όγκον
564 3653 610 3710 τοῦ
631 3652 743 3731 ἀριθμοῦ
760 3649 800 3707 δεῖ
817 3647 958 3723 τάξασθαι,
1005 3661 1103 3726 quidem
1124 3663 1231 3726 ipsorum
1248 3660 1439 3724 magnitudinem
1451 3661 1546 3710 numeri
1561 3660 1676 3710 constitui
1696 3671 1797 3711 neeesse

174 3739 255 3810 πόσον
277 3728 345 3797 εἶναι
363 3739 458 3818 χρεών·
475 3740 543 3818 μετὰ
565 3738 592 3798 θλ
606 3745 683 3798 τοῦτο
701 3736 749 3810 τήν
768 3736 895 3816 διανομὴν
907 3740 959 3798 τῶν
1005 3753 1056 3814 ort,
1069 3753 1159 3814 quanta
1174 3763 1225 3801 essa
1239 3750 1339 3813 debeat;
1352 3749 1438 3800 deinde
1453 3749 1645 3800 conveniendum
1657 3749 1688 3800 de
1702 3749 1795 3800 nivium

174 3830 299 3904 πολιτῶν,
312 3831 370 3886 καθ’
383 3827 468 3887 ὁπόσα
482 3827 548 3908 με’ρη
561 3825 657 3898 πλήθει
672 3826 718 3886 καὶ
729 3825 845 3900 ὁπηλίκα
858 3829 959 3909 διαιρο-
1004 3839 1189 3901 distributione,
1203 3839 1228 3889 iu
1253 3843 1312 3903 quot
1329 3853 1431 3890 numero
1450 3840 1475 3888 et
1497 3843 1600 3902 qirantas
1621 3839 1751 3889 dividenda
1767 3839 1795 3888 iis

135 3933 162 3972 lo
175 3916 231 3991 τίον
247 3918 346 3988 αὐτοῖς,
363 3913 587 3995 ἅναμυλογητίον’
599 3914 645 3974 isti
656 3913 683 3974 δὲ
703 3919 788 3973 ταῦτα
802 3914 850 3986 τήν
869 3938 897 3973 τε
910 3918 960 3992 γῆν
1006 3931 1086 3992 partes
1093 3929 1178 3992 sit3ud
1189 3929 1233 3979 iras
1241 3943 1299 3979 nero
1309 3931 1379 3979 terrae
1387 3929 1412 3980 et
1421 3927 1597 3978 habitationum
1605 3942 1678 3991 quam
1688 3928 1795 3978 maxime

175 4003 220 4063 κοίθ
234 4003 279 4071 rt<
293 4002 406 4074 οἰκήσεις
418 4003 459 4062 ὁτι
480 4003 597 4081 μάλιστα
616 4001 674 4068 ἴσας
689 4003 870 4080 ἐπινεμητέον.
882 4001 959 4081 ὄγκος
1006 4019 1107 4082 aequalis
1118 4017 1256 4068 distributio
1273 4017 1487 4068 accommodanda.
1500 4017 1551 4079 iam
1568 4017 1731 4068 multitudinis
1740 4031 1794 4067 ma·

177 4092 208 4164 θολ
221 4091 334 4164 πλήθους
345 4091 433 4159 ίκουθς
442 4095 489 4151 οθκ
501 4092 586 4159 ἄλλους
595 4094 676 4172 ὀρθῶς
687 4091 795 4170 γίγνοντ’
809 4091 841 4150 θν
852 4091 961 4171 λεχθείς,
1006 4107 1106 4170 gnitudo
1118 4106 1203 4158 idonea
1215 4121 1264 4157 non
1279 4108 1348 4157 aliter
1361 4107 1423 4156 iinlrl
1437 4107 1516 4156 verbis
1526 4107 1591 4156 reste
1604 4107 1692 4165 poterit
1704 4107 1748 4156 nisi
1763 4104 1793 4156 ad

176 4181 266 4260 ἢπρθς
276 4178 322 4251 τὴν
333 4184 381 4258 γῆν
392 4180 437 4240 καί
446 4180 552 4248 τθςτῶν
561 4179 753 4262 πλησιοχώρων
764 4179 905 4258 πόλεις,γῆ
916 4173 994 4256 hild
1006 4200 1096 4247 terram
1110 4202 1135 4247 at
1155 4195 1186 4246 ad
1206 4195 1365 4245 finitimorum
1388 4194 1497 4244 oirihtea
1516 4193 1714 4257 respicientibus,
1731 4197 1794 4243 terra

176 4267 264 4342 θκθοοί
273 4267 368 4335 πθοους
382 4266 516 4348 ουὀρρονας
532 4269 608 4338 ὄντος
621 4267 700 4341 ίκονθ
713 4268 833 4350 ορίροῑν,
845 4266 962 4335 πλοίοκος
1006 4285 1104 4349 quidem
1125 4287 1216 4349 quanta
1230 4285 1261 4336 sit
1275 4283 1305 4335 ad
1320 4286 1440 4348 qnantum
1456 4297 1587 4334 numerum
1604 4285 1794 4348 temperatorum

137 4375 163 4414 ⁴⁵
178 4356 204 4434 ,θθ
219 4356 292 4417 Οθθθν
304 4357 424 4438 'limita
440 4357 556 4429 πθοίθυυς
565 4357 602 4430 δὲ,
615 4356 708 4417 θοουόοί
722 4356 781 4426 οοθς
792 4355 963 4439 προσχώρους
1007 4373 1120 4425 alendum
1132 4374 1230 4435 idonea,
1240 4386 1319 4437 neque
1329 4374 1421 4436 majore
1430 4385 1492 4434 opus
1501 4374 1547 4432 est,
1558 4372 1714 4422 multitudine
1726 4385 1794 4432 vero,

179 4446 330 4514 ἀδικοῦντάς
343 4469 371 4504 τε
395 4445 488 4514 αὐτοὺς
508 4444 658 4524 ἀμύνασθαι
672 4445 777 4506 δυνατοί
790 4446 836 4506 καὶ
852 4447 963 4524 γείτοσιν
1008 4466 1099 4526 qmnsa
1113 4463 1227 4512 finitimos
1241 4463 1353 4525 injuriam
1369 4462 1434 4510 ultro
1445 4460 1574 4512 inferentes
1591 4461 1731 4523 propulsare
1742 4473 1795 4524 pos·

179 4539 278 4597 ἑαυτῶν
291 4534 469 4614 οίθίκουμίνοῑς
484 4539 612 4616 βοηθῆσαι
628 4535 665 4616 μή
679 4535 847 4596 παντάπασιν
860 4536 964 4619 ἀπόρως
1008 4552 1039 4602 sit
1049 4549 1112 4603 etad
1127 4551 1244 4602 airrilium
1260 4549 1386 4600 terendum
1405 4549 1492 4598 uicinis
1505 4547 1593 4612 injuria
1611 4547 1726 4600 lacessitis
1748 4531 1794 4598 nnn

179 4623 291 4686 δύναιντ’
314 4625 355 4686 ἄν.
378 4629 461 4683 ταῦτα
486 4623 513 4684 δὲ
537 4627 633 4692 ἰδόντες
655 4623 702 4698 τὴν
724 4626 816 4706 χώραν
838 4623 964 4692 καὶτοὺς
1009 4655 1106 4706 prorsus
1120 4639 1328 4691 attaminans
1343 4637 1615 4700 liaeoubtregionemet
1628 4635 1794 4688 ricinosrtde

179 4713 296 4796 γείτονας
312 4713 451 4796 ὁριούμεθα
465 4713 534 4796 ἔργῳ
552 4715 598 4774 καί
617 4715 713 4794 λόγοις·
726 4720 770 4774 νῦν
786 4715 812 4776 δὲ
828 4714 964 4797 σχήματος
1009 4728 1100 4788 rimus,
1113 4742 1139 4778 re
1153 4727 1283 4790 verbisque
1302 4725 1413 4776 hniemus
1431 4745 1438 4776 ι
1454 4740 1520 4776 nuno
1531 4726 1616 4776 formae
1627 4730 1651 4778 el
1665 4727 1795 4777 adumbra-

142 4828 169 4866 to
181 4802 256 4864 ἕνεκα
270 4802 317 4863 καί
331 4806 493 4883 ὑπογραφῆς,
504 4806 548 4863 ἵνα
560 4805 731 4886 περαίνηται,
746 4803 810 4886 πρός
822 4804 870 4877 τῆν
885 4829 965 4883 νομο-
1010 4817 1082 4866 tionis
1100 4829 1186 4877 eausa,
1208 4818 1236 4865 ut
1254 4815 1403 4876 absolvatur,
1418 4816 1449 4865 ad
1474 4816 1669 4878 legumlalionem
1683 4815 1796 4880 procedat

182 4892 270 4953 θεσίαν
284 4893 384 4973 ὁλόγος
396 4892 455 4955 ίτω.
474 4894 603 4961 Πεντόκις
619 4892 665 4972 μὲν
688 4893 769 4974 χίλιοι
784 4893 902 4955 ἔστωσαν
917 4895 964 4954 καὶ
979 4913 996 4954 e
1010 4907 1096 4957 oratio.
1110 4905 1243 4968 Quinquies
1260 4904 1325 4954 mille
1337 4908 1409 4954 sunto
1421 4908 1446 4955 et
1456 4905 1633 4968 quadraginta,
1644 4910 1672 4955 ut
1683 4918 1796 4955 numerus

181 4982 373 5064 τετταράκοντα
391 4986 502 5066 ἀριθμοῦ
517 4985 584 5052 τινὸς
605 4983 681 5044 ἕνεκα
700 4983 875 5066 προσήκοντος
894 5007 965 5062 γεω·
1011 4996 1109 5059 quidam
1129 4993 1274 5044 conveniens
1291 4995 1336 5056 sit,
1351 4995 1431 5045 ooloni
1450 4994 1619 5058 defensurique
1631 4995 1796 5058 partitionemp

182 5071 259 5154 μόροι
274 5095 303 5131 τε
317 5071 363 5131 καί
380 5075 579 5153 ἂμυνοῦντεςιῆ
593 5079 677 5155 νομῆ·
690 5079 724 5154 γῆ
740 5073 767 5134 δὲ
783 5075 828 5134 καί
851 5074 966 5146 οἰκήσεις
1009 5086 1075 5135 terra
1085 5085 1166 5133 autem
1179 5086 1204 5133 et
1216 5083 1376 5135 habitationes
1389 5084 1473 5135 itidem
1484 5083 1510 5135 in
1530 5083 1626 5135 οιεθειιι
1641 5085 1721 5147 partes
1735 5082 1797 5133 diri·

181 5159 307 5236 ὁσαύτως
321 5159 355 5220 sd
366 5160 434 5221 αὐτὰ
449 5161 518 5244 με’ρη
532 5161 738 5241 διανεμηθήτων,
751 5163 878 5245 γενόμενα
898 5163 965 5247 ἀνὴρ
1010 5173 1111 5238 duntur,
1124 5173 1177 5225 viro
1196 5175 1221 5226 et
1235 5175 1300 5227 sorte
1315 5174 1469 5226 oonlrlbulis.
1486 5187 1517 5226 ao
1535 5173 1641 5240 primum
1658 5171 1755 5239 quidem
1773 5171 1798 5223 in
