3794 5852
86 411 131 484 ρο,
145 403 198 477 sss.)
691 389 854 452 CIVITAS.
878 389 952 448 ΗΒ.
974 388 1025 450 lx.
1403 405 1406 410 ¹
1606 399 1657 456 m

85 551 125 608 τῶν
138 540 207 615 εἰσίν,
226 539 270 600 ἵνα
298 537 337 618 μὴ
360 535 488 604 πολλάκις
508 538 597 615 οἰηθῇς
611 536 638 597 έν
665 537 703 616 τῷ
726 531 837 616 παρόντι
881 538 979 602 iuquam
991 550 1050 601 ego,
1068 537 1204 602 uoluptates
1219 550 1276 601 quea
1292 537 1399 590 dolorem
1416 539 1508 590 nullum
1521 546 1662 605 menander,

83 636 133 696 ,im
148 639 220 692 τοῦτο
232 625 392 712 nebogasti,
406 622 502 698 ἡδονὴν
520 621 567 702 μὲν
580 623 683 685 παῦλαν
699 619 784 694 λύπης
798 611 837 680 ε’ί-
881 627 980 678 nelarie
991 625 1149 677 nunelroeiia
1161 627 1415 688 naimaeomparaium
1427 625 1564 686 susumus,
1577 630 1606 677 ul
1617 639 1660 678 re-

82 721 212 796 νοι,λύπην
225 717 253 778 δὲ
267 719 374 789 ἡδονῆς.
415 716 472 776 Ποῦ
488 710 536 786 δὴ,
560 711 628 798 ἔφη,
644 710 690 770 καλ
704 707 837 778 ποίαςλέ-
884 715 963 780 lupius
975 712 1074 780 quidem
1086 713 1191 776 doloris,
1210 712 1279 763 dolor
1291 725 1348 764 rere
1361 713 1492 776 uoluptatis
1503 717 1606 765 υσειιοιῖυ
1621 716 1662 766 sii.

82 834 128 888 γεις;
145 806 244 872 Πολλαὶ
256 803 315 886 μέν,
325 793 407 877 εἶπον,
418 801 464 862 καί
478 801 573 875 ἄλλαι,
587 799 704 878 μάλιστα
719 800 742 861 δ’
758 800 780 858 εἶ
793 795 837 858 θέ-
881 801 942 868 [um]
962 802 1009 854 Ubi
1019 801 1130 864 landem,
1151 801 1238 867 inquil,
1250 806 1275 852 el
1287 800 1371 865 onmes
1383 800 1459 851 diois?
1472 801 1561 866 [soem]
1581 803 1663 854 Mulie

61 903 119 966 ςλεις
135 898 249 968 ἐννοῆσαι
260 893 309 960 τάς
333 890 394 976 περὶ
404 888 453 956 τάς
462 887 666 970 ὀσμὰςὴδονοίς.
686 877 765 948 αύται
784 884 836 968 γάρ
881 891 995 956 quidem,
1006 893 1118 954 inquam,
1129 890 1292 952 elaliresunl,
1302 890 1406 943 ιαακῖιυο
1417 891 1500 941 verosi
1509 892 1665 954 repulereris

81 981 290 1063 οὗτρολυπνθέντι
299 979 420 1119 ἐξαίρνης
430 977 564 1058 ἀμήχανοι
572 975 603 1044 τὸ
615 973 722 1058 μέγεθος
732 974 836 1056 γίγνον-
881 994 937 1038 eas.
951 993 1006 1044 quae
1017 979 1049 1030 ad
1061 979 1148 1030 ederes
1163 978 1296 1043 pertinent,
1307 977 1450 1042 volupialee.
1469 978 1507 1028 bue
1523 978 1587 1028 enim
1600 978 1665 1030 nullo

81 1089 111 1124 τοι
125 1061 285 1141 παυσάμεναί
310 1083 339 1120 τε
378 1057 448 1132 ύπην
472 1056 595 1136 οὐδεμίαν
623 1054 834 1116 καταλείπουσιν.
882 1065 1103 1131 dolorepraegresso
1111 1069 1208 1129 repenle
1219 1064 1328 1128 ingentes
1337 1064 1450 1116 assidunt
1460 1070 1485 1116 et
1494 1079 1549 1116 oum
1559 1069 1664 1130 συεεοοί,

80 1151 249 1230 λληθόοτατα,
269 1149 329 1234 ἔρη.
350 1146 398 1220 llll
412 1146 464 1227 ἀρα
480 1143 629 1222 πειθώμεθα
645 1141 763 1225 καθαράν
777 1144 835 1215 ἡδο·
849 1153 982 1205 obolorum
994 1155 1133 1218 relinquunt
1144 1153 1244 1206 nullum.
1257 1153 1315 1219 [en]
1324 1153 1454 1206 verissime
1463 1192 1470 1218 ,
1480 1154 1568 1218 iuquit.
1581 1153 1665 1220 [soem]

79 1242 112 1314 rip
124 1242 180 1298 εἶναι
193 1237 239 1309 πλν
250 1235 337 1309 λύπης
356 1229 512 1314 ἀπαλλαγλν
532 1231 598 1310 μηδὲ
614 1229 701 1306 λύπην
718 1230 766 1305 τλν
778 1231 835 1303 ἠδο-
878 1245 914 1294 lle
932 1242 1070 1308 persuaderi
1087 1242 1158 1306 igilur
1173 1241 1242 1294 nobis
1258 1243 1376 1307 pannum
1392 1243 1481 1294 doloris
1497 1243 1662 1308 depulsionem

58 1335 119 1402 τοῖς.
155 1327 198 1398 nli
207 1326 268 1407 γάρ.
281 1321 363 1385 biii
379 1321 482 1402 μέντοι,
497 1311 582 1400 εἶπον,
596 1319 625 1380 αί
635 1345 665 1400 γε
675 1321 717 1380 διδι
729 1325 774 1380 τοῦ
787 1317 836 1377 σώ·
881 1345 966 1396 puram
979 1330 1664 1396 uoluptatemesseneqneroluplelisdolorem.[eu-Jbli·

79 1439 142 1494 ματος
154 1415 194 1474 ἐπὶ
207 1413 254 1486 τὴν
268 1411 357 1496 ψυχὴν
379 1407 509 1470 τείνουσαι
525 1407 570 1468 καί
591 1407 731 1490 λεγόμεναι
744 1405 836 1480 ἡδοναὶ
880 1418 1355 1484 ιιίιιιενσισ.[εοιιιι.]Αίίαιιισιι,ῖιιηιιειιι,
1365 1433 1520 1484 eorumquae
1529 1433 1666 1485 percorpus

78 1505 151 1586 σγεδδν
165 1507 190 1564 ul
207 1500 333 1562 πλεῖσταί
348 1524 377 1560 τε
390 1499 436 1561 καλ
448 1496 570 1578 μέγισται
588 1497 680 1558 τούτου
696 1501 741 1558 τοῦ
757 1495 838 1562 είδους
883 1507 913 1557 ad
925 1507 1032 1558 animum
1044 1507 1165 1572 perlinenl
1173 1507 1357 1571 voluptalesque
1366 1507 1488 1570 dieunlur,
1501 1509 1548 1558 iere
1557 1509 1666 1573 plurimae

78 1595 128 1666 εἰσί,
139 1595 225 1651 λυπῶν
234 1589 304 1659 τινὲς
320 1585 485 1666 ἀπαλλαγαί.
526 1584 589 1648 Εἰσί
602 1583 661 1667 γάρ.
675 1587 778 1647 Ούκοῦν
792 1582 837 1642 καλ
881 1595 1024 1646 eiurauinrae
1033 1595 1248 1658 hujusmodisuni,
1257 1595 1366 1648 dolorum
1382 1595 1534 1659 depulsiones
1543 1596 1664 1660 qrrsedam.

78 1683 98 1740 αί
116 1679 159 1761 πρὸ
173 1677 321 1756 μελλόντων
344 1673 441 1736 τούτων
455 1677 485 1734 ἐκ
502 1672 663 1756 προσδοκίας
687 1670 838 1754 γιγνόμεναι
882 1683 942 1748 [on]
954 1687 1016 1736 sunt
1034 1682 1147 1749 proleelu.
1164 1683 1253 1748 [soen]
1271 1687 1301 1734 El
1319 1697 1373 1747 quae
1393 1685 1449 1734 sule
1466 1684 1518 1737 brec.
1533 1684 1615 1735 lutura
1634 1685 1665 1736 ab
1690 1689 1693 1694 '

54 1797 68 1832 rs
77 1769 228 1850 προησθήσεις
241 1790 271 1826 τε
284 1765 330 1826 καὶ
351 1763 529 1844 προλυπήσεις
542 1761 612 1821 κατά
626 1761 709 1822 ταύτὰ
728 1759 818 1841 ἔχουσι
829 1780 837 1829 ;
882 1773 1058 1836 exspectatione
1070 1771 1370 1836 naseunturprtoeedenies
1379 1773 1515 1836 voluptates
1525 1777 1549 1822 ei
1560 1773 1664 1834 dolores,

79 1853 139 1918 Κατὰ
163 1853 260 1917 τοιύτοί.Ι
276 1843 354 1915 oieo'
375 1841 432 1928 οῦν,
447 1841 479 1922 ἦν
497 1850 519 1908 δ’
538 1847 604 1928 ἐγὼ,
621 1837 674 1910 οἶαί
692 1851 741 1908 εἰσι
757 1835 839 1928 καλῷ
883 1874 962 1912 nonno
973 1860 1056 1911 eedem
1065 1861 1172 1911 modose
1183 1861 1289 1918 babenti
1303 1860 1364 1925 [on]
1382 1860 1483 1914 Eodem.
1498 1860 1588 1925 [soen]
1601 1861 1665 1924 seirr’
1715 1929 1717 1934 ,

76 1943 174 2018 μάλιστα
189 1941 307 2021 {niueum
320 1944 345 2002 T
346 1944 384 2021 ῶς
397 1937 455 2022 έρη.
468 1938 591 2016 Νομίζεις
605 1962 649 2016 τι,
665 1929 748 2010 εἶπον,
761 1936 787 1994 ἐν
802 1937 835 2013 τῇ
850 1925 869 1993 ά
884 1947 963 2010 igilur,
982 1949 1093 2012 iuquam,
1113 1948 1197 2012 quales
1215 1949 1262 1998 sini
1273 1951 1298 1998 el
1309 1948 1349 2000 oui
1368 1949 1471 1999 maxime
1483 1949 1589 2000 similes?
1604 1947 1666 2013 [sn]

79 2030 136 2112 ρύαει
156 2023 220 2091 εἶναι
242 2029 273 2090 τὸ
297 2027 344 2108 μὲν
368 2029 435 2102 ἀνω,
450 2027 479 2086 τό
499 2025 526 2086 δὲ
541 2027 627 2098 κάτω,
648 2025 677 2086 τδ
697 2027 724 2084 δὲ
739 2023 835 2103 μέσονς
881 2036 1037 2100 cuiiinquil.
1050 2036 1139 2102 [soom]
1151 2040 1264 2097 Putasne,
1272 2037 1380 2099 inquam,
1388 2036 1510 2100 aliquidiu
1519 2042 1665 2087 naturuesse

78 2131 172 2200 Ἔγωγε.
211 2117 272 2181 Οἴει
294 2107 338 2179 οῦν
359 2115 390 2176 άν
408 2139 467 2174 τινα
488 2118 517 2174 ἐκ
540 2119 585 2175 τοῦ
605 2113 678 2174 κάτω
696 2111 835 2198 φερόμενον
880 2123 1074 2188 superum‚aliud
1086 2123 1197 2186 inferum,
1213 2123 1279 2174 aliud
1290 2125 1411 2175 medium?
1422 2124 1481 2189 [on]
1492 2128 1561 2176 Ριιῑο.
1576 2123 1665 2188 [soen]

51 2207 125 2287 ιιτρὸς
142 2207 216 2285 μέσον
235 2207 302 2266 ἄλλο
323 2229 348 2265 τι
363 2201 506 2279 οίεσθαι,ἢ
525 2201 579 2263 ἄνω
595 2201 731 2286 φέρεσθαι,
749 2202 794 2261 καλ
810 2204 835 2261 ἐν
881 2215 942 2262 Num
952 2212 1145 2276 igituraliquem,
1154 2226 1210 2262 enm
1219 2213 1250 2262 ab
1261 2213 1373 2263 inleroad
1383 2213 1490 2264 medium
1499 2213 1587 2276 leriur,
1599 2213 1665 2263 aliud

76 2294 134 2377 μέσῳ
147 2295 260 2372 στάντα,
276 2297 415 2378 ἀρορῶντα
435 2291 491 2352 ὅθεν
511 2291 660 2366 ἀνήνεκται,
678 2289 768 2351 ἄλλοθί
786 2312 836 2349 που
881 2314 963 2352 oeuses
974 2300 1286 2364 erbilrari,quamsursuur
1297 2301 1363 2363 leni,
1374 2300 1468 2352 eldunr
1479 2307 1526 2352 slat
1544 2303 1567 2353 in
1585 2303 1665 2356 medio

76 2383 216 2462 διηγεῖσθαι
228 2373 340 2460 ε’ίναι,ἢ
356 2385 382 2441 ἐν
397 2385 434 2464 τῷ
450 2379 523 2459 ἀνω,
537 2379 574 2459 μὴ
588 2379 721 2462 ἑωρακότα
734 2377 763 2439 τδ
775 2379 837 2451 ἀλη·
880 2388 1030 2453 dolleciilque
1039 2390 1121 2441 oculos
1131 2389 1197 2453 illue,
1210 2389 1272 2440 unde
1283 2391 1360 2441 elatus
1369 2392 1416 2453 esi,
1426 2389 1481 2441 alibi
1494 2404 1547 2442 esse
1556 2391 1663 2456 opinari,

75 2475 113 2540 θῶς
125 2471 187 2548 όνω;
203 2471 251 2534 lli
269 2471 312 2532 Δί’
326 2471 374 2530 οὐκ
391 2467 489 2548 ἔγωγε,
509 2467 572 2551 ἔφη,
587 2468 674 2536 ἄλλως
686 2459 760 2546 οἶμαι
780 2469 837 2540 οἷη-
880 2491 952 2542 quam
963 2478 988 2528 in
1000 2491 1101 2543 supere,
1113 2479 1134 2529 ai
1147 2478 1187 2540 id,
1199 2479 1266 2542 quod
1281 2492 1308 2530 re
1319 2493 1376 2531 rera
1386 2483 1423 2530 esi
1433 2492 1560 2542 superum,
1569 2494 1616 2531 non
1631 2481 1665 2531 ri·

75 2563 135 2632 ίιῇναι
151 2559 180 2620 ἀν
194 2558 238 2619 τδν
252 2565 379 2620 τοιοῦτον.
422 2555 491 2617 Ἀλλ’
509 2559 532 2616 εἶ
548 2555 628 2616 πάλιν
641 2559 681 2636 γ’,
695 2555 769 2638 ἔρην,
789 2553 835 2637 ιρέ-
880 2567 931 2620 dii?
946 2566 1006 2632 [om]
1019 2570 1157 2619 Perlorem
1167 2605 1175 2629 ‚
1186 2568 1277 2631 inquil,
1289 2580 1337 2617 uon
1355 2567 1424 2618 allier
1433 2581 1476 2631 ego
1496 2567 1567 2618 lolem
1584 2569 1664 2633 opina-

48 2673 65 2707 ει
77 2673 146 2730 ροιτο,
163 2649 234 2710 κάτω
246 2653 270 2708 τ’
293 2647 326 2708 ἀν
342 2647 421 2709 οἴοιτο
440 2643 562 2729 φέρεσθαι
580 2646 625 2705 καί
639 2645 724 2717 ἀληθῆ
745 2641 836 2716 οίοιτο;
851 2659 868 2702 e
882 2659 963 2706 lurum
975 2656 1094 2707 existimo.
1116 2655 1205 2720 [noem]
1225 2659 1255 2707 ut
1266 2657 1286 2707 si
1303 2661 1380 2720 reiro,
1401 2657 1513 2720 inquam,
1525 2656 1625 2720 seratur,
1641 2663 1665 2708 ei

77 2741 125 2805 Πῶς
133 2737 179 2820 γάρ
193 2739 236 2812 οῦς
247 2739 353 2800 Οὐκοῦν
365 2741 448 2796 ταῦτα
462 2733 562 2815 πάσχοι
572 2731 603 2793 ἀν
613 2733 699 2793 πάντα
711 2730 788 2792 διδιτθ
799 2729 836 2807 μὴ
881 2744 993 2796 deorsum
1016 2744 1072 2794 lerri
1089 2743 1200 2809 opinetur
1215 2747 1241 2796 el
1263 2758 1320 2795 uere
1338 2745 1465 2810 opinetur?
1475 2744 1536 2809 [ou]
1558 2745 1666 2804 Quidni?

76 2824 178 2906 ίμπειρος
191 2817 259 2885 ε’ίναι
272 2831 318 2884 τοῦ
334 2826 460 2896 ἀληθινῶς
472 2821 526 2881 άνιυ
540 2846 568 2880 τε
582 2820 652 2890 όντος
666 2819 711 2881 καὶ
725 2821 751 2879 ἒν
764 2819 837 2901 μέσῳ
882 2830 972 2897 [soem]
987 2835 1135 2884 liareaulem
1152 2833 1232 2884 omnia
1241 2833 1295 2884 ideo
1310 2833 1333 2884 ei
1345 2835 1469 2895 eveniant,
1479 2833 1542 2898 quod
1556 2848 1612 2886 vere
1625 2847 1666 2885 gu.

76 2913 110 2971 καὶ
119 2913 200 2992 saitem
213 2915 300 2986 Δῆλον
313 2911 356 2983 δή.
369 2910 521 2990 Θαυμάζοις
530 2909 562 2968 ἀν
575 2900 628 2982 σύν,
639 2911 661 2969 εἷ
673 2907 717 2968 καί
734 2907 837 2989 ἄπειροι
882 2934 964 2986 ρεταιν
977 2925 1001 2972 el
1013 2921 1121 2972 medium
1132 2924 1157 2972 et
1166 2922 1268 2972 inferum
1279 2935 1328 2972 uon
1339 2923 1419 2972 narii?
1428 2921 1485 2986 [on]
1498 2922 1566 2972 lluud
1583 2923 1664 2974 dubie.

77 3002 179 3073 ἀληθείας
189 3003 250 3083 περὶ
262 2993 367 3060 πολλῶν
378 3023 406 3059 τε
418 2999 504 3058 ἄλλοιν
514 2997 551 3076 μὴ
562 3002 640 3078 ὑγιεῖς
652 2995 725 3066 δόξας
735 2995 835 3076 ἔχουσι,
881 3006 969 3074 [soem]
984 3009 1108 3073 Numquid
1125 3022 1180 3072 ergo
1191 3009 1327 3074 miraberis,
1337 3011 1358 3060 si
1371 3009 1478 3061 veritalis
1487 3023 1583 3076 ηιιοηυο
1593 3011 1665 3073 ignari

49 3113 66 3170 n
76 3091 125 3171 πρός
138 3116 163 3150 τε
171 3090 266 3164 ἡδονὴν
280 3087 326 3149 καλ
340 3087 426 3160 λύπην
438 3086 483 3146 καλ
500 3087 530 3147 τ“ο
547 3085 644 3164 μεταξύ
659 3084 754 3146 τούτοιν
770 3083 837 3144 eim
881 3111 937 3148 oum
948 3097 979 3148 de
990 3098 1072 3148 mullis
1084 3098 1137 3148 aliis
1157 3111 1205 3148 nou
1219 3100 1283 3148 recte
1303 3098 1423 3161 senbunt,
1442 3103 1494 3149 lum
1510 3097 1541 3148 ad
1556 3099 1665 3163 rnlnpia·

77 3177 216 3258 διάκεινται,
233 3178 302 3238 ῶστε
316 3175 377 3236 ὅταν
393 3175 439 3254 μέν
454 3175 497 3235 ἐπὶ
513 3173 543 3233 τὸ
557 3174 674 3257 λυπηρόν
692 3172 836 3256 φέρωνται,
883 3189 931 3237 lem
943 3192 967 3237 el
976 3185 1228 3250 doloremlrorumque
1240 3186 1346 3236 medium
1356 3187 1390 3238 sie
1400 3186 1507 3248 liabent,
1518 3192 1546 3236 ul
1555 3188 1665 3250 quoliens

45 3267 144 3340 serbabi,
153 3293 180 3328 τε
191 3267 291 3328 οἴονται
308 3264 353 3325 καί
371 3268 409 3346 τῷ
421 3262 474 3325 iun
488 3265 650 3341 λυποῦνται,
668 3263 729 3322 όταν
742 3262 770 3322 δέ
785 3262 837 3323 ἀπὸ
852 3280 869 3321 a
884 3273 907 3323 iu
918 3274 1025 3326 dolorem
1037 3274 1157 3336 ieruniur,
1169 3287 1226 3325 uere
1246 3273 1375 3337 opinentur
1391 3274 1534 3338 doleantque
1555 3289 1580 3325 re
1591 3289 1665 3336 reru,

76 3354 142 3430 λύπης
152 3357 193 3416 ἐπὶ
211 3356 242 3414 τὸ
259 3353 374 3432 μεταξύ,
394 3351 493 3436 σρόδρα
507 3351 554 3430 μέν
571 3349 669 3411 οἴονται
685 3353 749 3432 πρὸς
766 3354 837 3424 πλη·
882 3363 1086 3425 qrroriensreroa
1102 3362 1183 3413 dolore
1199 3361 1363 3424 eumedium,
1375 3362 1446 3413 ualde
1465 3362 1561 3426 quidem
1580 3363 1664 3428 repleri

76 3441 173 3523 ριἰσειτε
183 3445 228 3506 καί
244 3445 325 3524 ἡδονῇ
336 3441 483 3522 γίγνεσθαι,
494 3437 583 3522 ῶσπερ
599 3437 651 3520 [δέ]
671 3441 735 3522 πρὸς
755 3439 836 3518 μέλαν
882 3451 907 3500 el
917 3450 1170 3514 voluptatemussequi
1188 3450 1343 3512 arbilrenlur,
1354 3448 1608 3514 sedquemadrnodum
1623 3453 1664 3514 qrri

48 3531 135 3612 ῑ-ῑιραιθν
157 3535 367 3599 ἀποσκοποῦντες
391 3527 496 3611 ἀπειρίη
520 3531 629 3602 λευκοῦ,
651 3528 696 3587 καί
718 3528 781 3610 πρός
807 3528 837 3588 τὸ
879 3538 949 3600 juxta
960 3539 1053 3602 nigrum
1065 3539 1289 3604 speoianliuscuur,
1302 3538 1421 3602 imperilia
1432 3538 1479 3588 albi
1493 3538 1615 3600 falluntur,
1632 3540 1664 3588 ila

75 3619 157 3681 ἄλυπον
173 3621 242 3682 οῦτοι
263 3619 350 3692 λύπην
371 3621 516 3702 ἀφορῶντες
529 3615 635 3698 ἀπειρίη
655 3619 751 3690 ἡδονῆς
765 3619 838 3676 ἀπα·
879 3625 1664 3690 juniadolorisraeuibulemduloreminlueulesvoluplalisimpe·

74 3711 168 3784 τῶνταις
187 3709 235 3770 Mb
255 3699 341 3785 Δί’,ἧ
355 3707 377 3767 δ’
390 3706 430 3780 ὃς,
455 3707 502 3766 ούκ
516 3703 547 3765 ἀν
564 3703 746 3782 θαυμάσαιμι,
768 3705 836 3764 ἀλλά
881 3714 1105 3778 riliadeoipianluri
1122 3713 1181 3778 [on]
1196 3718 1240 3765 Per
1252 3717 1350 3776 lovem,
1363 3715 1456 3776 inquil,
1476 3727 1524 3764 non
1541 3714 1605 3764 islud
1618 3715 1664 3765 mi·

74 3797 126 3856 πολύ
141 3801 254 3876 μᾶλλον,
278 3800 300 3856 εἰ
323 3795 360 3874 μὴ
377 3793 457 3864 ούτως
479 3794 545 3876 ἔχει.
558 3783 626 3854 ἶὨδέ
639 3793 664 3872 γ’
678 3783 732 3867 σύν,
752 3784 836 3872 εἶπον,
881 3803 959 3864 rubor,
969 3802 1012 3854 sed
1024 3803 1099 3853 mullo
1119 3803 1208 3865 magis,
1224 3802 1244 3852 si
1260 3802 1425 3853 alilerereuil.
1437 3801 1527 3868 [soem]
1545 3776 1665 3854 Nimirum

74 3885 152 3945 ἐννόει·
170 3886 234 3968 oripi,
245 3889 324 3944 πεῖνα
338 3884 383 3944 καί
400 3883 463 3967 δίψα
478 3883 523 3942 καλ
539 3880 573 3941 τδι
586 3887 697 3941 τοιαῦτα
719 3881 838 3950 κενώσεις
882 3890 928 3951 sie,
941 3891 1047 3954 inquam,
1059 3890 1183 3941 considera
1198 3903 1293 3942 :nonne
1308 3889 1382 3942 lomes
1395 3891 1419 3942 et
1431 3890 1483 3941 silis
1495 3879 1670 3954 et'eelereege'

49 3997 64 4024 ιι
73 3973 126 4042 τινές
137 3977 185 4036 τίσι
199 3977 248 4048 τῆς
262 3974 322 4054 περὶ
332 3977 362 4034 τὸ
372 3976 450 4052 σῶμα
460 3969 549 4044 έξεωςς
565 3969 600 4031 Τί
612 3970 680 4048 μήνς
694 3967 799 4048 Ἄγνοια
809 3969 837 4028 δὲ
848 3964 871 4028 b
883 3980 946 4030 neris
958 3978 1065 4041 ejusdem
1075 3979 1207 4030 rsouilales
1218 3977 1329 4042 quiedam
1339 3980 1396 4030 suni
1407 3978 1432 4029 ῖιι
1448 3979 1555 4042 eorporis
1565 3980 1665 4030 lrabiiui

73 4061 107 4121 καί
124 4064 258 4146 ἀρροσύνη
277 4053 317 4144 ἀρ’
331 4064 360 4122 ού
379 4059 485 4134 κενότης
500 4059 556 4119 ἐστὶ
573 4063 618 4130 τῆς
631 4057 692 4141 περλ
704 4056 791 4141 ψυχὴν
803 4047 838 4117 ού
882 4066 942 4131 [en]
950 4067 1013 4127 Quid
1022 4066 1200 4133 alirrd?[socu.]
1207 4069 1341 4130 Ignorantia
1349 4079 1406 4118 rero
1413 4067 1579 4132 elinsipieulia
1586 4081 1665 4120 nonne

74 4145 146 4230 ἔτας
161 4152 250 4212 Μάλα
266 4173 306 4229 γε.
318 4151 420 4212 Οὐκοῦν
434 4147 553 4230 πληροῖτ’
565 4145 595 4206 ἀν
609 4146 625 4206 δ
637 4171 665 4207 τε
678 4152 773 4228 τρορῆς
787 4169 837 4223 με·
882 4155 1020 4209 racrriiasei
1031 4156 1082 4219 ipsa
1091 4155 1160 4207 eslin
1169 4155 1242 4206 animi
1252 4155 1350 4208 babitu?
1361 4155 1420 4221 [πελ
1429 4155 1539 4207 numme.
1554 4156 1612 4222 [en]
1623 4159 1664 4208 ile

73 4237 238 4318 ταλτμύοίνων
254 4237 300 4298 καί
314 4241 327 4297 δ
339 4242 399 4296 νοῦν
413 4235 509 4316 lupum
525 4238 586 4302 Πῶς
601 4233 622 4294 δ’
636 4233 682 4313 ού;
698 4233 838 4316 Πλήρωσις
883 4244 1212 4309 plebllurergoelquieibum
1220 4244 1664 4310 eupli,elquiinielligenliamaccipis?

73 4319 93 4381 δέ
104 4326 262 4407 ἀληθεστέρα
276 4331 322 4384 τοῦ
332 4317 453 4403 {suomi
468 4329 511 4383 τοῦ
525 4325 625 4400 μᾶλλον
638 4323 724 4400 όντος;
739 4325 836 4400 Δῆλον,
883 4333 932 4398 en]
941 4337 990 4384 Gru
999 4337 1063 4383 noni
1074 4333 1161 4398 [seem]
1171 4334 1276 4398 lieplelin
1288 4339 1368 4385 aulem
1382 4338 1463 4384 uirum
1475 4334 1553 4385 verior
1566 4347 1608 4398 per
1618 4347 1662 4395 ea,

46 4409 102 4470 ιιίτι
113 4420 155 4474 τοῦ
173 4415 287 4492 μᾶλλον.
303 4411 410 4494 Πότερα
423 4401 467 4472 οῦν
482 4410 578 4490 ἠγεῖτδι
596 4407 657 4487 γένη
673 4412 773 4488 μᾶλλον
787 4434 839 4469 κα·
882 4433 937 4482 quse
946 4419 1076 4480 miuus‚an
1086 4433 1141 4483 quae
1157 4420 1232 4482 magis
1243 4423 1317 4472 suni?
1333 4419 1394 4484 [sn]
1404 4419 1556 4470 llauddubie
1571 4432 1663 4482 perae,

71 4503 137 4582 θτρῖῖς
148 4499 241 4569 ούσίοις
257 4499 386 4580 μετέχειν,
400 4497 434 4558 τά
447 4489 500 4559 οἶον
512 4497 582 4558 σίτου
595 4523 623 4557 τε
638 4498 682 4558 καὶ
698 4503 778 4558 ποτοῦ
793 4497 838 4556 καί
884 4521 939 4570 quae
957 4508 1032 4571 magis
1046 4511 1111 4558 sunl.
1130 4505 1220 4574 [soum]
1231 4513 1289 4560 Ulra
1305 4509 1376 4572 igilur
1386 4521 1469 4559 censes
1487 4520 1573 4571 genere
1588 4507 1664 4570 magis

71 4585 122 4668 θύου
135 4589 179 4650 καλ
192 4587 335 4667 ξυμπάσης
347 4591 456 4669 τρορῆς,
469 4587 487 4659 ἢ
498 4587 528 4646 τὸ
542 4585 615 4659 δόξης
628 4610 656 4645 τε
671 4589 780 4657 ἀληθοῦς
801 4577 839 4645 sl·
883 4596 1010 4646 essentiam
1020 4595 1206 4659 perambulem,
1215 4596 1293 4647 sibine
1302 4594 1664 4660 elpoluselobsoniielomuino

71 4671 103 4744 δος
117 4678 159 4738 κτλ
172 4675 324 4754 ἐπιστήμης
344 4675 389 4734 καὶ
405 4679 450 4735 νοῦ
470 4674 515 4734 καὶ
532 4671 680 4748 ξυλλήύδην
701 4664 734 4733 αύ
750 4673 838 4746 πάσης
853 4685 972 4748 equibus
989 4698 1076 4749 eorpus
1094 4685 1174 4746 elilur,
1192 4698 1223 4735 an
1242 4698 1306 4736 reue
1331 4684 1448 4748 opinionis
1472 4682 1625 4746 meroreque
1640 4687 1664 4733 el

70 4765 165 4846 ἀρετῆς
177 4757 231 4826 ὧδε
248 4763 275 4823 δέ
289 4771 373 4846 κρῖνε·
385 4762 415 4822 τδ
430 4767 475 4823 τοῦ
491 4761 530 4821 ἀεὶ
545 4763 636 4840 ὁμοίου
655 4761 780 4843 ἐχόμενον
793 4762 839 4821 καί
883 4773 970 4823 meniis
980 4778 1005 4825 si
1020 4773 1119 4824 omniuo
1129 4774 1248 4824 universae
1266 4785 1349 4822 rursus
1367 4770 1478 4821 virtutis?
1489 4770 1525 4822 sle
1538 4770 1663 4834 autemju·
1683 4814 1686 4822 .

46 4853 187 4914 ἀθανάτου
215 4853 263 4913 καὶ
286 4851 408 4925 ἀληθείας
430 4849 475 4910 καλ
497 4850 560 4910 αύτδ
582 4855 698 4911 τοιοῦτον
709 4849 737 4909 δν
748 4851 793 4910 καὶ
813 4852 838 4909 έν
883 4861 936 4911 dies
948 4880 955 4911 τ
967 4861 1030 4924 quod
1045 4861 1146 4913 inlru'eret
1166 4874 1260 4925 semper
1276 4859 1349 4911 simili
1365 4858 1542 4921 immortalique
1562 4862 1588 4909 el
1602 4861 1664 4910 reri-

70 4940 165 5022 ιοιούτῳ
179 4940 334 5021 γιγνόμενον
350 4941 448 5016 μᾶλλον
461 4929 527 4997 εἷναί
547 4962 587 4998 σοι
606 4936 720 5016 δοκεῖ,ἢ
735 4937 764 4998 τῦ
787 4963 840 5016 μη·
885 4949 928 5000 lali
937 4953 1010 5011 alque
1020 4949 1097 5014 ipsum
1114 4949 1206 5000 ialeesl
1221 4951 1246 4998 el
1262 4948 1287 4998 in
1298 4947 1338 4998 lali
1352 4944 1455 5010 quodam
1474 4944 1514 5008 iri,
1528 4946 1663 5010 magieesee

70 5027 149 5090 ἀέποτε
164 5029 258 5108 ὁμοίου
283 5025 331 5088 καλ
354 5031 447 5100 θνητοῦ
472 5025 517 5086 καλ
534 5027 598 5087 αὐτὸ
621 5033 722 5087 τοιοῦτο
745 5026 790 5086 καλ
813 5029 839 5086 ἐν
884 5034 928 5085 libi
938 5035 1040 5096 ridetur,
1052 5049 1083 5084 an
1094 5033 1167 5098 illud,
1179 5035 1243 5098 quod
1253 5035 1288 5085 rei
1302 5047 1424 5097 nunquam
1434 5034 1505 5084 simili
1514 5037 1586 5098 alque
1600 5048 1662 5086 mer·

70 5117 167 5200 τοιούτιμ
181 5117 355 5200 γιγνόμενον;
376 5113 466 5192 Πολύ,
489 5113 555 5197 ἔφη,
571 5114 684 5198 διαρέρει
701 5114 787 5175 τὸτοῦ
800 5115 840 5174 ἀεὶ
885 5122 939 5185 lali,
949 5122 1125 5187 elquodipsum
1135 5120 1662 5188 luleesleiinleliquodamiii?[on.]l.onpe,

71 5205 160 5282 έμοίου.
205 5204 241 5266 ‘ll
255 5195 300 5266 σύν
311 5203 353 5264 dei
369 5202 459 5284 ὁμοίου
472 5203 546 5263 ούσία
562 5202 652 5271 ούσίας
661 5227 687 5261 τι
700 5203 810 5282 μᾶλλον,
823 5201 840 5275 ἢ
885 5211 979 5276 inquil,
992 5214 1104 5276 praestat,
1116 5208 1182 5274 quod
1190 5221 1285 5275 semper
1294 5208 1374 5260 simili.
1384 5207 1473 5276 [soen]
1487 5209 1593 5262 sueno·
1605 5223 1663 5260 reru
