3860 5858
291 477 346 533 ιιι
941 461 1076 520 aeuus
1099 460 1199 519 ιιιιιι.
1221 459 1255 517 e.
1780 461 1881 538 (usam
1904 419 1905 426 Ν

224 583 226 588 ¹
288 603 364 680 ίσχύς
378 600 424 659 καὶ
443 595 600 679 εύμορφίας,
617 593 686 655 άλλδι
702 594 747 653 καλ
767 592 836 652 κατθι
850 593 965 653 πλούτου
979 598 1074 674 χρῆσιν
1086 615 1103 656 c
1117 601 1208 665 ipsias,
1219 613 1298 664 neque
1308 599 1440 650 εοοιιιιᾶιιιιι
1452 613 1582 662 corporum
1595 601 1683 650 robora
1695 603 1721 652 ct
1733 601 1885 664 ῖοιιιιοειίιίσι,

288 690 334 750 καλ
353 687 444 748 πενίαν
459 687 505 755 τδις
527 685 605 763 τιμάς
627 708 656 744 τε
674 683 721 744 καλ
736 682 820 764 ύρχθις
840 685 875 750 ὡς
890 683 1014 743 ἰσαίτατα
1036 685 1074 764 τῷ
1120 708 1206 746 rerum
1227 696 1299 745 etiam
1313 693 1448 745 secundum
1463 693 1603 744 divitiarum
1618 708 1693 745 usum
1706 696 1733 745 et
1746 698 1889 758 paupertatem

289 777 386 859 ἀνίσῳ,
401 775 540 856 Ευμμέτρῳ
550 773 577 834 δέ
590 772 823 850 ἆπῦθαμθᾶθθθτῑι
837 771 874 849 μθ
888 773 1072 854 drape'pmuraa.
1120 791 1224 840 bonores
1238 789 1440 853 magistratusque
1454 803 1527 853 quam
1540 789 1647 841 maxime
1657 790 1786 855 aequaliter
1796 791 1892 854 inequeli

289 867 387 927 τούτων
406 867 485 949 palpo
500 864 614 944 τέτταρα
637 862 741 942 papius
760 865 807 930 τῆς
829 861 917 927 Οὐσίαθ
935 859 1074 936 “iiiiii“
1121 884 1207 946 mode,
1220 883 1262 934 sed
1279 897 1322 947 pre
1341 883 1452 948 portione
1466 883 1611 948 accipientes
1625 885 1696 934 liberi
1711 884 1760 934 sint
1775 897 1789 932 a
1803 883 1894 934 dissidiis

262 982 274 1019 θ
289 963 420 1017 ποιεῖσθαί
436 953 542 1035 λίέὼνι
565 953 683 1064 πθίθξθυί
697 949 744 1008 καί
764 948 898 1030 δευτέθθυί
912 948 958 1058 κξθ
975 947 1079 1056 τίίτοίξί,
1122 980 1208 1029 berum
1221 993 1294 1030 causa
1307 982 1424 1043 quattuor
1437 992 1481 1042 pro
1493 977 1657 1042 magnitudine
1668 993 1748 1042 epum
1762 979 1894 1030 instituenda

185 1059 190 1067 ¹
291 1046 335 1104 καί
352 1045 502 1124 “Tam‘’
518 1042 615 1116 ἤτωίν
628 1042 717 1107 “m“
731 1059 1004 1120 πέοσαίορευομενους
1018 1039 1075 1096 ὄνθ’
1120 1077 1178 1125 sunt
1192 1075 1279 1126 classes
1294 1075 1378 1138 primi,
1398 1073 1511 1137 secundi,
1527 1075 1609 1137 tertii,
1625 1063 1725 1138 quarti.
1740 1075 1781 1125 vel
1796 1075 1845 1124 aliis
1858 1075 1895 1138 qui·

291 1158 386 1210 μασιν,
400 1131 462 1192 ὅταν
475 1156 503 1191 τε
517 1131 629 1209 μένωσιν
641 1131 667 1188 έν
680 1130 718 1210 τῷ
731 1129 804 1210 αύτῷ
814 1126 946 1204 τιμήματι
956 1125 1002 1186 καί
1013 1125 1076 1185 ὅταν
1122 1169 1224 1221 bum
1248 1169 1385 1234 appellandi
1403 1170 1557 1231 nominibus,
1573 1171 1625 1221 sivo
1647 1173 1766 1221 mmm
1784 1171 1861 1221 eadem
1879 1172 1896 1220 χ

291 1221 483 1282 πλουσιώτατοι
504 1222 534 1278 ἐκ
554 1218 674 1289 πενήτων
690 1217 735 1276 καί
761 1219 790 1274 ix
813 1215 946 1276 πλουσίων
969 1214 1078 1287 πένητες
1123 1267 1197 1317 clm
1211 1265 1263 1316 sive
1276 1264 1388 1316 dmm
1403 1279 1435 1316 ex
1457 1266 1603 1330 pauperibus
1618 1267 1657 1316 vel
1673 1280 1707 1317 a
1722 1265 1837 1316 divitibus
1855 1280 1891 1328 mu

291 1311 438 1391 γιγνόμενοι
468 1307 661 1387 μεταύαίνωσιν
685 1309 722 1374 εἷς
748 1305 779 1365 τὸ
809 1309 943 1386 προσῆκον
972 1302 1078 1364 ἕκαστοι
1266 1359 1294 1372 ,,
1429 1359 1434 1372 ,
1545 1361 1576 1374 ,,
1626 1361 1632 1374 ,

253 1425 278 1464 le
292 1406 406 1461 ἑαυτοῖσι
422 1398 538 1476 τίμημα.
552 1398 611 1457 τόδε
627 1397 649 1454 δ’
669 1395 713 1454 tel
728 1393 828 1462 τούτοις
840 1385 874 1452 τύ
891 1393 972 1471 νόμον
985 1397 1078 1473 σχῆμα
1092 1374 1193 1458 dmm
1215 1361 1272 1410 Μ
1287 1373 1314 1410 m
1333 1361 1516 1470 ⁰⁰n⁷⁶¹¹f⁰⁰t⁰m
1531 1359 1576 1412 δώ,
1591 1375 1696 1471 φ’,ψθ
1720 1361 1821 1411 dmm
1836 1362 1897 1410 Μ

1051 1481 1059 1504 r
1124 1459 1189 1507 eaut.
1210 1457 1240 1506 ad
1256 1457 1310 1507 brec
1323 1469 1383 1506 vere
1403 1456 1476 1506 altam
1492 1471 1577 1508 rursus
1594 1457 1653 1521 leges
1668 1458 1775 1508 termam
1792 1456 1820 1505 ut
1833 1469 1898 1505 coes·

293 1490 374 1569 ἔγωγε
389 1488 421 1548 διν
434 1488 532 1558 τιθείην
545 1490 580 1554 ὡς
599 1485 734 1562 ἑπόμενον.
751 1485 790 1542 δεῖ
803 1481 854 1563 γάρ
870 1485 895 1541 έν
911 1482 988 1542 πολει
1009 1505 1078 1560 που,
1342 1550 1348 1564 ι
1788 1550 1793 1560 Ι
1893 1551 1896 1560 1

293 1603 394 1660 φαμεν,
415 1583 448 1657 τῇ
471 1582 516 1635 τοῦ
544 1573 667 1653 μεγίστου
692 1573 843 1651 νοσχματος
863 1573 892 1630 οὐ
922 1569 1079 1650 μεθεξούσῃ,
1124 1553 1238 1614 queniam
1254 1564 1375 1614 ροειιετιιιι
1387 1550 1458 1602 banc.
1469 1551 1560 1602 scilicet
1573 1551 1597 1601 iu
1610 1551 1711 1603 civitate
1726 1551 1826 1602 maximi
1836 1549 1897 1600 merit

293 1667 306 1726 δ
321 1666 457 1727 διάστασιν
469 1664 487 1737 ἢ
498 1665 590 1724 στάσιν
600 1660 777 1744 δρθότερονδν
791 1662 831 1733 ε’ίη
844 1662 999 1735 κεκλῆσθαι,
1012 1660 1080 1737 μήτε
1125 1649 1223 1710 ⁸¹W¹⁰
1237 1647 1333 1710 sumsit
1347 1661 1420 1712 ‘luem
1433 1647 1525 1698 θίθθίθθ
1543 1662 1617 1711 ‘imm
1632 1647 1760 1700 Wlfflfflii
1774 1649 1857 1698 “⁰5⁰5
1870 1661 1898 1695 ἴθ’

294 1755 385 1814 πενίαν
406 1753 454 1826 τλν
479 1751 600 1834 χαλεπὴν
619 1752 713 1810 ἐνεῖναι
734 1749 808 1830 παρά
824 1773 875 1808 τισι
894 1753 945 1808 τῶν
965 1751 1079 1809 πολιτῶν
1125 1742 1233 1793 “bimis
1248 1743 1360 1804 ¹¹⁰¹¹¹l¹¹⁰s
1375 1755 1422 1792 ¹¹00
1436 1745 1601 1806 impertilem
1619 1757 1721 1807 marem
1744 1743 1809 1807 apud
1827 1741 1898 1792 cidon

256 1868 279 1908 la
294 1843 361 1924 μήτε
378 1834 412 1904 αθ
425 1845 555 1915 πλοῦτον,
567 1846 602 1909 ὡς
616 1839 752 1922 ἀμφότερα
764 1839 904 1898 τικτόντων
924 1844 1007 1897 ταῦτα
1023 1840 1079 1916 σἰμ-
1125 1841 1217 1900 l)irtem
1239 1839 1317 1889 ίθὸθθ
1338 1837 1427 1890 debere
1448 1839 1577 1889 Βίᾶῑθῑῦῐθθ
1597 1852 1643 1890 ¹1⁶0
1665 1839 1831 1904 opulentiam.
1848 1837 1898 1900 quid

219 1931 220 1934 ¹
296 1934 405 2016 φότερα·
418 1939 462 1992 ν’ύν
475 1923 519 1991 σύν
532 1931 590 2013 ὅρον
606 1932 645 1990 δεῖ
660 1930 758 1989 τούτων
772 1929 895 2009 ἑκατέρου
909 1927 953 1987 τὸν
969 1927 1081 2007 νσμοθέ-
1126 1937 1230 1997 utraque
1243 1933 1317 1996 hujus
1330 1933 1457 1997 utriusque
1471 1934 1593 1992 expcaasis
1608 1937 1660 1996 eat3
1675 1933 1836 1998 quamebrem
1849 1947 1896 1982 auec

294 2049 341 2097 την
357 2024 473 2106 φράζειν.
494 2021 563 2081 ἔστω
582 2021 613 2094 δὴ
636 2019 726 2087 πενίας
741 2018 789 2098 μὲν
814 2018 903 2099 Sperat
922 2023 967 2079 τοῦ
982 2017 1081 2100 κλήρου
1126 2025 1199 2076 baem
1223 2025 1308 2088 utique
1327 2038 1413 2075 earum
1430 2027 1521 2076 statuat
1539 2025 1662 2088 legislator
1675 2037 1778 2076 neceam
1800 2026 1843 2074 est.
1856 2035 1895 2085 pau·

293 2110 376 2190 τιμὴ,
389 2111 418 2172 δν
437 2114 475 2170 δεῖ
490 2111 591 2189 μένειν,
603 2109 649 2170 καῖ
662 2109 690 2169 θν
711 2109 800 2190 ἄρχων
818 2106 900 2173 οὐδεὶς
921 2105 1005 2166 ούδενί
1017 2129 1082 2166 ποτε
1095 2128 1113 2174 e
1126 2116 1225 2180 perlatis
1247 2115 1321 2178 igitur
1343 2113 1398 2164 tinia
1418 2115 1489 2165 sortis
1512 2115 1616 2178 pretium
1642 2117 1708 2178 esto,
1724 2127 1800 2178 quam
1820 2123 1896 2162 manea

294 2203 448 2284 περιόψεται
468 2201 575 2261 ἐλάττω
592 2199 744 2278 γιγνόμενον
767 2200 819 2256 τῶν
845 2219 874 2254 τε
899 2195 986 2255 ἄλλων
1011 2195 1081 2256 κατὰ
1125 2207 1237 2268 oportet,
1252 2217 1375 2268 quamque
1387 2203 1468 2254 nullas
1481 2205 1635 2267 magistratus
1650 2217 1764 2268 uuquam
1784 2203 1827 2252 ulli
1839 2200 1898 2250 minui

255 2313 282 2355 aa
295 2289 379 2351 ταύτδ
389 2289 470 2359 οὐδεὶς
482 2292 553 2358 ὅστις
566 2288 701 2372 φιλότιμος
710 2286 751 2348 ἐπ’
761 2284 954 2367 ἀρετῇμέτρον
963 2285 989 2345 δὲ
1003 2285 1081 2346 αὐτθν
1127 2295 1231 2360 patietur
1245 2307 1291 2346 uec
1304 2295 1363 2345 item
1384 2293 1532 2358 reliquorum
1552 2293 1680 2358 quisquam
1707 2293 1824 2343 virtutem
1838 2290 1898 2338 colere

296 2379 400 2457 θέμενος
418 2383 433 2439 ὁ
454 2378 595 2458 νομοθέτης
609 2375 744 2452 διπλάσιον
762 2375 835 2434 ἐάσει
855 2372 948 2434 τούτου
968 2381 1081 2434 κτᾶσθαι
1126 2385 1282 2435 contendens.
1300 2383 1346 2435 bac
1357 2385 1439 2434 autem
1456 2397 1568 2434 measure
1585 2384 1663 2446 posita
1677 2382 1802 2446 legislator
1816 2379 1897 2442 duplum

294 2468 340 2528 καὶ
351 2467 516 2550 τριπλάσιον,
526 2466 572 2527 καῖ
582 2465 661 2547 μέχρι
672 2463 881 2546 τετραπλασίου·
892 2465 1000 2524 πλείονα
1015 2466 1039 2522 δ’
1050 2465 1082 2524 τίν
1126 2475 1178 2537 ejus
1192 2473 1307 2539 possideri
1320 2473 1444 2537 permittet
1458 2475 1483 2522 et
1496 2473 1595 2536 triplum
1611 2472 1724 2538 adeoque
1737 2469 1897 2536 quadruplum

294 2581 333 2625 τις
344 2567 440 2618 κτᾶται
449 2557 548 2618 τούτων
562 2556 642 2636 εὑρὼν
656 2553 673 2626 ἢ
685 2554 809 2614 δοθέντων
824 2553 902 2612 ποθὲν
916 2551 933 2626 ἢ
947 2577 1080 2635 χρηματι-
1126 2564 1165 2614 bis
1179 2577 1236 2612 aere
1252 2563 1320 2626 plura
1336 2562 1356 2611 si
1370 2563 1424 2626 quie
1439 2561 1558 2626 possideat
1575 2563 1669 2624 reperta
1685 2561 1726 2614 rel
1739 2560 1847 2612 alicunde
1856 2559 1898 2608 dala

162 2701 165 2708 .
243 2647 408 2726 745σάμενος
422 2648 439 2719 ἦ
453 2671 504 2706 τινι
517 2647 586 2727 τύχῃ
600 2644 710 2724 τοιαύτῃ
727 2643 892 2718 κτησάμενος
910 2643 978 2723 ἄλλῃ
990 2642 1025 2701 τὰ
1039 2667 1081 2702 πε·
1096 2666 1114 2706 a
1127 2654 1166 2704 rel
1180 2655 1275 2716 quaestu
1294 2652 1358 2701 lacte
1370 2653 1408 2702 rel
1426 2651 1473 2701 alia
1487 2652 1593 2714 quadam
1607 2651 1679 2700 simili
1694 2635 1793 2702 suntuna
1807 2659 1899 2712 superae·

254 2754 281 2794 aa
297 2734 462 2816 ριγιγνόμενα
472 2741 517 2796 τοῦ
530 2735 640 2814 μέτρου,
652 2738 685 2816 τῇ
698 2732 774 2791 πόλει
784 2731 815 2792 ἂν
831 2731 898 2790 atet
908 2730 953 2791 καλ
966 2739 1024 2799 τοῖς·
1034 2732 1082 2804 τὴν
1128 2744 1193 2794 tibus
1217 2757 1356 2794 mensuram
1372 2743 1530 2806 comparatis,
1552 2755 1581 2790 ea
1602 2741 1621 2791 si
1636 2741 1732 2793 civitati
1748 2741 1898 2800 civitatemque

294 2824 372 2884 πόλιν
390 2823 480 2903 έχουσι
492 2825 557 2892 θεοῖς
570 2821 709 2900 ἀπονέμων
725 2821 861 2899 εὐδόκιμός
872 2845 901 2880 τε
914 2819 960 2880 καλ
972 2821 1082 2900 ἀζήμιος
1127 2833 1292 2883 obtinentibus
1314 2833 1360 2884 diis
1386 2831 1503 2895 assignet,
1525 2831 1589 2882 bena
1615 2830 1797 2882 existimatione
1819 2829 1898 2888 sineque

295 2912 328 2972 θν
343 2911 394 2985 τίη.
408 2913 453 2970 ἐὰν
468 2913 496 2972 δέ
510 2935 548 2979 τις
560 2913 654 2990 ἀπειθῇ
669 2910 753 2991 τούτῳ
768 2913 806 2991 τῷ
818 2909 907 2992 νόμῳ,
919 2919 996 2991 φανεῖ
1010 2909 1082 2987 μὲνθ
1127 2923 1205 2972 marita
1218 2922 1261 2984 sit;
1277 2923 1297 2973 al
1313 2923 1367 2987 quis
1382 2923 1466 2972 centra
1484 2920 1548 2970 banc
1562 2920 1640 2984 legem
1655 2921 1743 2984 iaciat,
1758 2919 1801 2984 qui
1815 2915 1896 2966 retexerit

296 3001 451 3081 βουλόμενος
458 3000 502 3058 ἐπί
510 3003 563 3068 τοῖς
573 2998 706 3076 ἡμίσεσιν,
718 3002 732 3057 θ
745 2996 772 3056 δέ
783 2999 870 3081 ὀφλὼν
884 2999 948 3056 άλλο
957 3004 1081 3060 τοσοῦτον
1127 3011 1218 3063 deleret
1234 3012 1284 3074 lta,
1299 3015 1326 3061 ut
1344 3012 1394 3075 ipse
1407 3009 1534 3061 dimidium
1551 3011 1626 3073 leret,
1641 3010 1772 3061 damnatus
1786 3009 1859 3059 autem
1870 3003 1896 3051 ai·

296 3089 373 3170 μέρος
391 3087 510 3148 ἀποτίσει
523 3093 569 3159 τῆς
586 3091 663 3147 αὑτοῦ
682 3086 813 3161 κτήσεως,
832 3087 865 3145 τὰ
881 3088 903 3147 δ’
916 3086 1016 3165 ἡμίσεα
1030 3092 1082 3147 τῶν
1127 3099 1206 3148 terum
1228 3099 1324 3149 tantum
1343 3082 1463 3160 dependet
1476 3096 1507 3147 de
1522 3109 1566 3146 sue
1582 3117 1589 3146 ι
1604 3096 1734 3147 dimidium
1747 3096 1844 3146 deorum
1856 3091 1896 3141 erit.

254 3202 282 3242 ue
296 3185 397 3252 δεδικὴ
422 3179 449 3240 δὲ
470 3183 561 3252 κτῆσις
574 3179 656 3260 χωρίς
671 3183 717 3238 τοῦ
727 3178 826 3259 κλήρου
843 3177 948 3238 πάντων
962 3187 1036 3238 πᾶσα
1055 3180 1082 3238 έν
1127 3187 1215 3247 prater
1237 3187 1327 3234 sertem
1343 3197 1402 3234 vero
1416 3198 1474 3248 epea
1489 3185 1599 3235 emnium
1613 3200 1699 3238 omnes
1713 3189 1738 3238 ia
1758 3186 1839 3250 aperto
1858 3181 1900 3230 lece

295 3274 333 3352 τῷ
351 3273 455 3352 φανερῷ
468 3269 608 3351 γεγράφθαι
624 3266 698 3348 παρὰ
713 3266 820 3350 φύλαξιν
837 3268 980 3349 ἄρχουσιν,
996 3259 1032 3335 οἷς
1050 3267 1082 3326 ἂν
1127 3275 1223 3337 scriptae
1238 3277 1363 3337 prestante
1377 3272 1443 3337 apud
1457 3273 1571 3324 custodes
1586 3276 1757 3336 magistratus,
1775 3273 1858 3336 quibus
1870 3268 1899 3316 lex

296 3360 400 3438 θνόμος
412 3358 561 3438 προστάξῃ,
574 3357 645 3425 ὅπως
657 3355 689 3416 ἂν
701 3359 729 3415 αῖ
740 3355 811 3415 δίκαι
825 3357 1010 3438 περλπάντων,
1022 3355 1083 3417 ὅσοι
1095 3363 1117 3427 b
1127 3362 1274 3426 injunxerit,
1292 3365 1320 3413 ut
1343 3363 1397 3413 lites
1411 3363 1442 3413 de
1463 3362 1576 3412 omnibus
1590 3362 1621 3412 ad
1637 3362 1701 3414 bene
1725 3362 1866 3428 pertinentes
1883 3357 1900 3405 ct

295 3449 332 3515 είς
345 3446 488 3531 χρήματα,
503 3446 590 3530 ῥᾴδιαί
603 3469 632 3504 τε
642 3433 691 3504 ὦσι
703 3443 748 3504 καί
763 3445 864 3527 σφόδρα
879 3446 980 3526 σαφεῖς.
1127 3448 1209 3499 tacitas
1222 3450 1271 3499 siut
1283 3451 1308 3500 et
1321 3450 1426 3500 multum
1441 3451 1523 3501 clare.

334 3534 417 3609 Τδδὴ
434 3535 500 3612 μετδ
523 3538 717 3616 τοῦτοπρῶτον
734 3534 782 3612 μὲν
800 3534 847 3607 τὴν
866 3534 942 3593 πολιν
961 3537 1080 3616 ἱδρῦσθαι
1157 3541 1213 3589 lam
1229 3539 1294 3602 qued
1317 3539 1436 3602 sequitur,
1459 3540 1565 3603 primum
1580 3541 1679 3605 quidem
1706 3544 1766 3593 urbs
1787 3541 1858 3605 posita
1878 3534 1899 3584 sil

255 3651 282 3692 as
296 3629 335 3687 δεῖ
348 3631 395 3698 τῆς
415 3625 503 3707 χώρας
527 3623 566 3684 ὅτι
582 3623 697 3702 μάλιστα
714 3625 741 3682 έν
763 3624 851 3706 μέσῳ,
873 3623 919 3684 καί
933 3615 1017 3684 τᾶλλα
1033 3623 1082 3684 ὅσα
1128 3641 1223 3680 necesse
1238 3630 1275 3678 est
1296 3641 1370 3691 quam
1387 3629 1492 3680 maxime
1508 3631 1588 3680 medie
1605 3631 1707 3695 regionis
1728 3632 1783 3682 loce
1798 3633 1822 3680 et
1841 3637 1899 3690 quen

295 3715 431 3798 πρόσφορα
448 3715 523 3774 πόλει
537 3718 589 3773 τῶν
605 3712 777 3794 ὑπαρχόντων
794 3712 889 3793 ἔχοντα
905 3712 985 3772 τόπον
1004 3715 1080 3773 ἐκλε-
1129 3718 1228 3782 reliquis
1241 3731 1340 3781 queque
1354 3717 1426 3769 rebus
1439 3719 1494 3769 urbi
1508 3721 1621 3780 utilibus,
1633 3734 1740 3783 quarum
1755 3719 1852 3771 lucullus
1865 3715 1897 3768 aab

297 3803 425 3884 ξάμενον,
438 3805 455 3863 θ
469 3802 563 3876 νοῆσαί
575 3827 602 3862 τε
619 3807 664 3862 κοιλ
677 3805 760 3862 εἰπεῖν
777 3802 851 3861 οὐδὲν
865 3801 995 3883 χαλεπόν·
1014 3801 1081 3880 μετδι
1126 3804 1272 3856 instructum
1288 3807 1385 3869 elegerit
1397 3807 1514 3870 conditer,
1527 3822 1584 3872 qaae
1594 3810 1717 3859 intellectu
1727 3811 1840 3871 dictuque
1849 3798 1899 3853 baud

297 3894 324 3953 δὲ
347 3899 431 3952 ταῦτα
459 3895 527 3975 μέρη
556 3893 656 3951 δώδεκα
681 3891 825 3966 διελέσθαι,
848 3891 954 3968 θέμενον
973 3891 1082 3962 Ἑστίας
1126 3894 1899 3961 ditllcilessunt;deiudepartesduedecimtaciut‚Vestacpriruu¹u

295 3985 398 4062 πρῶτον
418 3981 463 4040 καλ
485 3979 604 4048 dadraei
629 3979 738 4051 Ἀθηνᾶς
760 3979 845 4061 ἱερὸν,
865 3979 1007 4061 ἀκρόπολιν
1024 3983 1082 4041 ὀνο·
1126 3987 1151 4036 el
1164 3985 1232 4036 levis
1246 3987 1271 4036 et
1287 3985 1401 4036 Minervae
1416 3988 1508 4051 temple
1524 3989 1676 4048 consecrate,
1693 3989 1761 4051 qued
1773 3997 1849 4036 arcem
1865 3993 1900 4030 no·

257 4087 284 4127 te
298 4069 428 4146 μάζοντα,
452 4069 547 4127 κύκλον
579 4067 787 4146 περιύάλλοντα,
809 4070 854 4150 ἄρ’
870 4060 900 4128 σθ
921 4068 955 4128 ed
981 4069 1082 4128 διύδεκα
1127 4075 1218 4150 minet,
1239 4088 1255 4125 a
1274 4089 1324 4140 que
1338 4077 1499 4140 circumsepto
1523 4077 1612 4127 limites
1640 4077 1715 4130 ducat
1737 4073 1858 4128 duodecim
1882 4068 1900 4116 iu

298 4155 365 4237 μέρη
383 4156 486 4234 τέμνειν
499 4155 546 4228 τήν
562 4179 589 4214 τε
605 4156 683 4214 πόλιν
703 4156 783 4226 αὐτὴν
798 4156 844 4216 καί
860 4165 949 4217 πᾶσαν
963 4156 1011 4230 τὴν
1025 4157 1083 4238 χόι-
1099 4168 1206 4229 epactes
1219 4166 1245 4216 et
1255 4165 1341 4216 urbem
1353 4167 1429 4230 ipsam
1443 4170 1468 4217 et
1482 4169 1558 4217 totam
1573 4167 1693 4230 regionem
1706 4168 1821 4220 secautm
1833 4170 1900 4223 altit·

298 4267 355 4324 ραν.
369 4243 415 4302 ίσα
430 4243 456 4302 δὲ
470 4245 509 4302 δεῖ
528 4243 663 4323 γίγνεσθαι
677 4243 712 4303 ed
726 4242 826 4304 δώδεκα
850 4244 917 4327 μέρη
932 4249 969 4327 τῷ
984 4245 1017 4305 τθι
1034 4246 1082 4324 μὲν
1127 4253 1162 4304 les
1178 4256 1262 4305 autem
1284 4258 1364 4318 partas
1381 4256 1419 4305 baa
1435 4255 1562 4306 duedecim
1575 4257 1691 4308 faciendae
1704 4261 1762 4310 sunt
1779 4258 1824 4313 ita,
1842 4253 1867 4299 at
1880 4247 1898 4294 iu

299 4336 398 4412 ἀγαθῆς
413 4337 460 4412 γῆς
474 4323 541 4390 εἷναι
558 4331 672 4413 σμικρά,
691 4331 725 4392 τθι
740 4330 767 4392 δὲ
780 4332 896 4414 χείρονος
908 4335 1000 4413 μείζω.
1018 4335 1082 4407 κλή-
1128 4341 1192 4394 bene
1213 4357 1270 4406 agre
1293 4357 1388 4406 μετνεσ,
1403 4343 1427 4392 ia
1451 4343 1565 4394 deteriori
1585 4345 1688 4408 majores
1700 4347 1757 4397 sint.
1773 4347 1823 4395 tum
1837 4341 1899 4388 suctu

298 4445 356 4498 ρους
380 4421 406 4480 δὲ
438 4423 530 4479 διελεῖν
551 4420 743 4501 τετταράκοντα
765 4421 811 4481 καί
833 4424 1081 4505 πεντακισχιλίους,
1127 4430 1290 4483 discernendae
1305 4432 1465 4496 quadraginta
1484 4436 1509 4483 et
1530 4435 1661 4497 quinquies
1683 4437 1765 4498 mille,
1780 4435 1805 4483 et
1827 4430 1899 4478 iusim

253 4536 281 4578 la
297 4510 395 4572 τούτων
413 4535 441 4572 τε
456 4501 489 4571 αθ
508 4510 570 4592 δίχα
581 4509 685 4590 τέμνειν
703 4510 815 4573 ἕκαστον
838 4512 882 4572 καῖ
899 4512 1083 4593 ξυγκληρῶσαι
1127 4533 1210 4571 rursus
1227 4520 1343 4584 bipartito
1365 4521 1477 4571 mcundae
1491 4523 1591 4587 singulm
1605 4523 1717 4588 binaeque
1734 4512 1899 4575 contribuendo

297 4601 502 4680 δύοτμήματα,
516 4607 562 4660 τοῦ
576 4624 605 4660 τε
621 4599 697 4680 ἐγγύς
717 4601 820 4662 καὶτοῦ
834 4604 924 4687 πόρρω
938 4603 1082 4684 μετέχοντα
1127 4611 1245 4662 sectiones
1261 4614 1334 4671 sunt,
1347 4611 1532 4674 propinquitatis
1546 4615 1571 4664 et
1593 4612 1773 4679 longinquitatis
1788 4604 1899 4675 participes

296 4693 435 4772 ἑκάτερον·
450 4690 479 4749 τὸ
491 4689 554 4771 πρὸς
569 4714 601 4769 τη
612 4689 688 4749 πολει
706 4690 783 4772 μέρος
797 4695 835 4773 τῷ
848 4691 913 4772 πρὸς
930 4694 983 4760 τοῖς
1000 4693 1082 4774 ἓσχά-
1128 4703 1290 4763 utraeqrre,ut
1299 4702 1399 4762 tangens
1411 4700 1497 4752 urbem
1507 4715 1627 4767 parscum
1636 4703 1712 4754 altera
1722 4708 1838 4754 extremes
1849 4697 1898 4746 sinu

297 4806 349 4849 τοις
363 4773 399 4848 είς
419 4782 514 4861 κλῆρος
528 4779 572 4838 καί
596 4777 626 4837 τὸ
649 4778 767 4860 δεύτερον
789 4781 841 4839 άπὸ
857 4781 958 4849 πόλεως
980 4787 1017 4864 τῷ
1037 4784 1083 4842 ἀπ’
1127 4791 1240 4851 tangente
1255 4803 1302 4838 una
1314 4803 1367 4840 sors
1380 4790 1427 4852 sit,
1440 4791 1498 4840 item
1511 4793 1542 4842 ab
1554 4793 1614 4842 urbe
1624 4793 1731 4843 secunda
1745 4807 1798 4844 cam
1808 4782 1899 4840 monada

297 4869 416 4951 ἐσχάτοιν
440 4868 567 4950 δευτέρῳ,
586 4867 632 4927 καῖ
652 4857 737 4926 τάλλα
758 4868 838 4936 ούτως
861 4871 960 4934 πάντα,
989 4895 1079 4951 μηχα-
1094 4873 1115 4939 d
1128 4878 1159 4927 ab
1175 4880 1303 4940 extremis,
1325 4881 1350 4929 et
1372 4879 1407 4929 sic
1425 4881 1527 4944 reliquae
1548 4895 1640 4932 omnes.
1658 4882 1829 4946 procurandum
1849 4883 1899 4924 aare

255 4987 282 5024 ιο
297 4965 389 5019 νᾶσθαι
407 4957 434 5018 δέ
445 4958 490 5017 καῖ
505 4961 531 5018 ἐν
541 4960 594 5024 τοῖς
606 4957 668 5037 δίχα
684 4955 806 5036 τμήμασι
818 4958 849 5018 τδ
865 4963 910 5017 νῦν
923 4959 955 5031 δὴ
970 4961 1080 5038 λεγόμε-
1127 4967 1201 5017 etiam
1217 4967 1243 5016 iu
1257 4967 1295 5017 bis
1308 4968 1467 5031 sectionibus,
1483 4973 1510 5020 ut
1531 4984 1576 5032 ea,
1590 4985 1646 5035 quae
1663 4973 1735 5023 modu
1746 4973 1806 5022 dicta
1819 4967 1851 5016 est
1867 4959 1898 5009 iti

298 5071 340 5106 νον
356 5047 516 5128 φαυλότητός
528 5071 556 5105 τε
569 5045 614 5107 καλ
630 5048 723 5128 ἀρετῆς
736 5046 842 5128 χώρας,
865 5049 1082 5126 ’ἐπανισουμένους
1127 5057 1233 5107 tenuitas
1246 5057 1286 5108 uel
1297 5057 1393 5108 beelim
1412 5058 1470 5120 seli,
1491 5060 1530 5109 vel
1553 5059 1710 5110 multitudine
1734 5058 1770 5110 vel
1791 5049 1898 5119 petralata

298 5139 337 5215 τῷ
361 5135 455 5206 πλήθει
467 5159 495 5195 τε
510 5135 556 5194 καί
570 5135 704 5212 ὀλιγότητι
718 5141 764 5208 τῆς
786 5139 922 5216 διανομῆς.
942 5139 1082 5215 νείμασθαι
1127 5149 1268 5210 exaequetur
1288 5147 1472 5198 distributionis.
1488 5150 1541 5198 tum
1563 5149 1608 5199 viri
1622 5163 1721 5214 queque
1742 5149 1765 5199 iu
1785 5137 1897 5195 duedecim

299 5223 327 5282 δὲ
342 5223 374 5294 δὴ
397 5223 442 5281 καί
460 5223 518 5290 τοὺς
534 5224 628 5303 ἄνδρας
643 5223 744 5284 δώδεκα
762 5224 847 5307 μέρη,
862 5224 910 5298 τὴν
932 5231 978 5298 τῆς
1002 5227 1082 5299 ἄλλης
1127 5240 1207 5301 partes
1222 5238 1358 5300 tribuendi,
1374 5239 1471 5302 reliquis
1488 5238 1645 5290 lacrrllatibus
1658 5253 1730 5290 ceusu
1744 5235 1843 5288 uranium
1857 5227 1893 5274 la¹

299 5311 387 5378 ούσίας
400 5315 434 5379 εἷς
445 5311 490 5370 ίσα
503 5312 542 5370 δτι
556 5313 713 5392 μάλιστατδι
729 5317 828 5375 δώδεκα
838 5314 906 5398 μέρη
920 5316 1081 5396 συνταξάμε-
1128 5327 1178 5378 bile
1192 5326 1216 5378 in
1229 5327 1356 5378 duorlecim
1368 5343 1441 5392 quam
1454 5329 1559 5380 maxime
1572 5332 1653 5393 partes
1664 5330 1769 5394 aequales
1779 5316 1892 5384 descriptis.
