<?xml version="1.0" encoding="UTF-8"?>
<!DOCTYPE html PUBLIC "-//W3C//DTD XHTML 1.0 Transitional//EN"
    "http://www.w3.org/TR/xhtml1/DTD/xhtml1-transitional.dtd">
<html xmlns="http://www.w3.org/1999/xhtml" xml:lang="en" lang="en">
 <head>
  <title>
</title>
<meta http-equiv="Content-Type" content="text/html;charset=utf-8" />
  <meta name='ocr-system' content='tesseract 3.04.00' />
  <meta name='ocr-capabilities' content='ocr_page ocr_carea ocr_par ocr_line ocrx_word'/>
</head>
<body>
  <div class='ocr_page' id='page_1' title='image "./platonisopera00hunzgoog/platonisopera00hunzgoog_0069.png"; bbox 0 0 3810 5862; ppageno 0'>
   <div class='ocr_carea' id='block_1_1' title="bbox 240 406 1841 492">
    <p class='ocr_par' dir='ltr' id='par_1_1' title="bbox 240 406 1841 492">
     <span class='ocr_line' id='line_1_1' title="bbox 240 406 1841 492; baseline 0.006 -29"><span class='ocrx_word' id='word_1_1' title='bbox 240 413 276 463; x_wconf 72' lang='lat'><strong>52</strong></span> <span class='ocrx_word' id='word_1_2' title='bbox 847 406 1038 467; x_wconf 73' lang='lat' dir='ltr'><strong>llont&#39;ratt.</strong></span> <span class='ocrx_word' id='word_1_3' title='bbox 1060 409 1158 471; x_wconf 78' lang='lat' dir='ltr'><strong>amn.</strong></span> <span class='ocrx_word' id='word_1_4' title='bbox 1182 410 1213 470; x_wconf 80' lang='grc' dir='ltr'><strong>Γ.</strong></span> <span class='ocrx_word' id='word_1_5' title='bbox 1698 414 1764 492; x_wconf 80' lang='lat' dir='ltr'><strong>(sca,</strong></span> <span class='ocrx_word' id='word_1_6' title='bbox 1778 414 1841 488; x_wconf 71' lang='grc' dir='ltr'>ιω.)</span> 
     </span>
    </p>
   </div>
   <div class='ocr_carea' id='block_1_2' title="bbox 181 530 1848 4423">
    <p class='ocr_par' dir='ltr' id='par_1_2' title="bbox 181 530 1848 4423">
     <span class='ocr_line' id='line_1_2' title="bbox 188 530 1843 619; baseline 0.003 -24"><span class='ocrx_word' id='word_1_7' title='bbox 188 530 285 596; x_wconf 66' lang='lat' dir='ltr'><strong>⁴⁰2a&#39;ur&#39;</strong></span> <span class='ocrx_word' id='word_1_8' title='bbox 300 539 385 595; x_wconf 82' lang='grc' dir='ltr'>αὐτῶν</span> <span class='ocrx_word' id='word_1_9' title='bbox 397 534 441 595; x_wconf 85' lang='grc' dir='ltr'><strong>καί</strong></span> <span class='ocrx_word' id='word_1_10' title='bbox 451 536 562 614; x_wconf 81' lang='grc' dir='ltr'>γίγνοιτο</span> <span class='ocrx_word' id='word_1_11' title='bbox 571 534 649 602; x_wconf 89' lang='grc' dir='ltr'>καλός</span> <span class='ocrx_word' id='word_1_12' title='bbox 659 558 687 594; x_wconf 89' lang='grc' dir='ltr'><strong>τε</strong></span> <span class='ocrx_word' id='word_1_13' title='bbox 697 536 822 615; x_wconf 79' lang='grc' dir='ltr'>κάγαθὸς,</span> <span class='ocrx_word' id='word_1_14' title='bbox 835 535 868 595; x_wconf 87' lang='grc' dir='ltr'><strong>τδι</strong></span> <span class='ocrx_word' id='word_1_15' title='bbox 878 539 901 596; x_wconf 88' lang='grc' dir='ltr'><strong>δ’</strong></span> <span class='ocrx_word' id='word_1_16' title='bbox 914 537 1012 619; x_wconf 77' lang='grc' dir='ltr'>αἰσχρά</span> <span class='ocrx_word' id='word_1_17' title='bbox 1027 561 1043 602; x_wconf 89' lang='lat' dir='ltr'><strong>a</strong></span> <span class='ocrx_word' id='word_1_18' title='bbox 1057 548 1096 611; x_wconf 88' lang='lat' dir='ltr'><strong>pia</strong></span> <span class='ocrx_word' id='word_1_19' title='bbox 1108 563 1166 599; x_wconf 83' lang='lat' dir='ltr'><strong>reru</strong></span> <span class='ocrx_word' id='word_1_20' title='bbox 1176 553 1240 601; x_wconf 89' lang='lat' dir='ltr'><strong>recte</strong></span> <span class='ocrx_word' id='word_1_21' title='bbox 1249 550 1395 614; x_wconf 73' lang='lat' dir='ltr'><strong>vituperabit</strong></span> <span class='ocrx_word' id='word_1_22' title='bbox 1413 551 1540 615; x_wconf 77' lang='lat' dir='ltr'><strong>oderitque</strong></span> <span class='ocrx_word' id='word_1_23' title='bbox 1550 551 1623 603; x_wconf 86' lang='lat' dir='ltr'><strong>etiam</strong></span> <span class='ocrx_word' id='word_1_24' title='bbox 1637 553 1661 602; x_wconf 92' lang='lat' dir='ltr'><strong>in</strong></span> <span class='ocrx_word' id='word_1_25' title='bbox 1673 566 1702 603; x_wconf 90' lang='lat' dir='ltr'><strong>ea</strong></span> <span class='ocrx_word' id='word_1_26' title='bbox 1714 555 1804 614; x_wconf 77' lang='lat' dir='ltr'><strong>aelate,</strong></span> <span class='ocrx_word' id='word_1_27' title='bbox 1817 552 1843 600; x_wconf 85' lang='lat' dir='ltr'><strong>ia</strong></span> 
     </span>
     <span class='ocr_line' id='line_1_3' title="bbox 237 623 1842 713; baseline 0.002 -29"><span class='ocrx_word' id='word_1_28' title='bbox 237 629 312 709; x_wconf 80' lang='grc' dir='ltr'>ψέγοι</span> <span class='ocrx_word' id='word_1_29' title='bbox 324 629 347 684; x_wconf 91' lang='grc' dir='ltr'>τ’</span> <span class='ocrx_word' id='word_1_30' title='bbox 362 624 393 684; x_wconf 75' lang='grc' dir='ltr'>ἂν</span> <span class='ocrx_word' id='word_1_31' title='bbox 416 627 495 706; x_wconf 81' lang='grc' dir='ltr'>ὀρθῶς</span> <span class='ocrx_word' id='word_1_32' title='bbox 510 624 554 682; x_wconf 84' lang='grc' dir='ltr'><strong>καί</strong></span> <span class='ocrx_word' id='word_1_33' title='bbox 571 632 642 700; x_wconf 84' lang='grc' dir='ltr'>μισοῖ</span> <span class='ocrx_word' id='word_1_34' title='bbox 658 623 694 682; x_wconf 85' lang='grc' dir='ltr'><strong>ἔτι</strong></span> <span class='ocrx_word' id='word_1_35' title='bbox 711 625 766 692; x_wconf 84' lang='grc' dir='ltr'>νέος</span> <span class='ocrx_word' id='word_1_36' title='bbox 789 623 835 698; x_wconf 88' lang='grc' dir='ltr'>ῶν,</span> <span class='ocrx_word' id='word_1_37' title='bbox 860 627 920 707; x_wconf 85' lang='grc' dir='ltr'>πρὶν</span> <span class='ocrx_word' id='word_1_38' title='bbox 939 628 1014 700; x_wconf 79' lang='grc' dir='ltr'>λόγον</span> <span class='ocrx_word' id='word_1_39' title='bbox 1058 651 1106 700; x_wconf 84' lang='lat' dir='ltr'><strong>qua</strong></span> <span class='ocrx_word' id='word_1_40' title='bbox 1118 639 1233 688; x_wconf 87' lang='lat' dir='ltr'><strong>rationem</strong></span> <span class='ocrx_word' id='word_1_41' title='bbox 1243 639 1349 688; x_wconf 88' lang='lat' dir='ltr'><strong>nondum</strong></span> <span class='ocrx_word' id='word_1_42' title='bbox 1359 641 1503 713; x_wconf 83' lang='lat' dir='ltr'><strong>susceperit,</strong></span> <span class='ocrx_word' id='word_1_43' title='bbox 1516 640 1685 691; x_wconf 85' lang='lat' dir='ltr'><strong>adventantem</strong></span> <span class='ocrx_word' id='word_1_44' title='bbox 1697 654 1756 690; x_wconf 83' lang='lat' dir='ltr'><strong>reru</strong></span> <span class='ocrx_word' id='word_1_45' title='bbox 1769 640 1842 689; x_wconf 77' lang='lat' dir='ltr'><strong>ratio·</strong></span> 
     </span>
     <span class='ocr_line' id='line_1_4' title="bbox 238 707 1845 793; baseline 0.001 -18"><span class='ocrx_word' id='word_1_46' title='bbox 238 715 348 782; x_wconf 83' lang='grc' dir='ltr'><strong>δυνατὸςΙ</strong></span> <span class='ocrx_word' id='word_1_47' title='bbox 356 707 422 773; x_wconf 74' lang='grc' dir='ltr'>εἶναι</span> <span class='ocrx_word' id='word_1_48' title='bbox 437 712 537 785; x_wconf 81' lang='grc' dir='ltr'>λαύεῖν,</span> <span class='ocrx_word' id='word_1_49' title='bbox 552 712 667 781; x_wconf 80' lang='grc' dir='ltr'>ἐλθόντος</span> <span class='ocrx_word' id='word_1_50' title='bbox 685 709 712 772; x_wconf 78' lang='grc' dir='ltr'><strong>δὲ</strong></span> <span class='ocrx_word' id='word_1_51' title='bbox 724 720 770 772; x_wconf 80' lang='grc' dir='ltr'><strong>τοῦ</strong></span> <span class='ocrx_word' id='word_1_52' title='bbox 783 713 862 793; x_wconf 80' lang='grc' dir='ltr'>λόγου</span> <span class='ocrx_word' id='word_1_53' title='bbox 876 715 1015 785; x_wconf 61' lang='grc' dir='ltr'>ἀσπάζοιτ’</span> <span class='ocrx_word' id='word_1_54' title='bbox 1058 739 1113 776; x_wconf 89' lang='lat' dir='ltr'><strong>uem</strong></span> <span class='ocrx_word' id='word_1_55' title='bbox 1125 727 1225 778; x_wconf 76' lang='lat' dir='ltr'><strong>libenter</strong></span> <span class='ocrx_word' id='word_1_56' title='bbox 1247 728 1406 792; x_wconf 77' lang='lat' dir='ltr'><strong>amplectetur</strong></span> <span class='ocrx_word' id='word_1_57' title='bbox 1421 730 1453 778; x_wconf 92' lang='lat' dir='ltr'><strong>ob</strong></span> <span class='ocrx_word' id='word_1_58' title='bbox 1467 730 1633 792; x_wconf 78' lang='lat' dir='ltr'><strong>cognationem</strong></span> <span class='ocrx_word' id='word_1_59' title='bbox 1643 743 1779 792; x_wconf 80' lang='lat' dir='ltr'><strong>agnoscens</strong></span> <span class='ocrx_word' id='word_1_60' title='bbox 1793 741 1845 778; x_wconf 87' lang='lat' dir='ltr'><strong>ma-</strong></span> 
     </span>
     <span class='ocr_line' id='line_1_5' title="bbox 239 801 1846 883; baseline 0.001 -20"><span class='ocrx_word' id='word_1_61' title='bbox 239 806 269 863; x_wconf 80' lang='grc' dir='ltr'><strong>ίιν</strong></span> <span class='ocrx_word' id='word_1_62' title='bbox 282 803 359 863; x_wconf 82' lang='grc' dir='ltr'>αὐτὸν</span> <span class='ocrx_word' id='word_1_63' title='bbox 367 801 495 881; x_wconf 80' lang='grc' dir='ltr'>γνωρίζων</span> <span class='ocrx_word' id='word_1_64' title='bbox 508 802 540 860; x_wconf 85' lang='grc' dir='ltr'>δι’</span> <span class='ocrx_word' id='word_1_65' title='bbox 547 803 693 874; x_wconf 81' lang='grc' dir='ltr'>οἰκειότητα</span> <span class='ocrx_word' id='word_1_66' title='bbox 709 801 823 879; x_wconf 87' lang='grc' dir='ltr'>μάλιστα</span> <span class='ocrx_word' id='word_1_67' title='bbox 837 808 851 862; x_wconf 86' lang='grc' dir='ltr'>δ</span> <span class='ocrx_word' id='word_1_68' title='bbox 865 803 934 864; x_wconf 84' lang='grc' dir='ltr'>ούτω</span> <span class='ocrx_word' id='word_1_69' title='bbox 951 829 1015 876; x_wconf 79' lang='grc' dir='ltr'>τρα-</span> <span class='ocrx_word' id='word_1_70' title='bbox 1059 816 1123 864; x_wconf 79' lang='lat' dir='ltr'><strong>aime</strong></span> <span class='ocrx_word' id='word_1_71' title='bbox 1134 815 1175 878; x_wconf 87' lang='lat' dir='ltr'><strong>qui</strong></span> <span class='ocrx_word' id='word_1_72' title='bbox 1187 816 1220 864; x_wconf 88' lang='lat' dir='ltr'><strong>ita</strong></span> <span class='ocrx_word' id='word_1_73' title='bbox 1232 816 1302 867; x_wconf 87' lang='lat' dir='ltr'><strong>luerit</strong></span> <span class='ocrx_word' id='word_1_74' title='bbox 1314 817 1448 868; x_wconf 77' lang='lat' dir='ltr'><strong>educatus?</strong></span> <span class='ocrx_word' id='word_1_75' title='bbox 1460 817 1520 883; x_wconf 74' lang='lat' dir='ltr'><strong>[cn]</strong></span> <span class='ocrx_word' id='word_1_76' title='bbox 1532 818 1591 868; x_wconf 83' lang='lat' dir='ltr'><strong>Mihi</strong></span> <span class='ocrx_word' id='word_1_77' title='bbox 1601 821 1680 878; x_wconf 90' lang='lat' dir='ltr'><strong>certe,</strong></span> <span class='ocrx_word' id='word_1_78' title='bbox 1693 819 1789 882; x_wconf 87' lang='lat' dir='ltr'><strong>inquit,</strong></span> <span class='ocrx_word' id='word_1_79' title='bbox 1802 817 1846 865; x_wconf 84' lang='lat' dir='ltr'><strong>lra-</strong></span> 
     </span>
     <span class='ocr_line' id='line_1_6' title="bbox 209 889 1847 974; baseline 0.002 -23"><span class='ocrx_word' id='word_1_80' title='bbox 209 906 222 944; x_wconf 72' lang='grc' dir='ltr'>ιι</span> <span class='ocrx_word' id='word_1_81' title='bbox 237 893 305 974; x_wconf 70' lang='grc' dir='ltr'>τρείςς</span> <span class='ocrx_word' id='word_1_82' title='bbox 319 891 398 971; x_wconf 86' lang='grc' dir='ltr'>Ἐμοί</span> <span class='ocrx_word' id='word_1_83' title='bbox 412 897 472 973; x_wconf 79' lang='grc' dir='ltr'>γοῦν</span> <span class='ocrx_word' id='word_1_84' title='bbox 499 893 586 966; x_wconf 81' lang='grc' dir='ltr'>δοκεῖ,</span> <span class='ocrx_word' id='word_1_85' title='bbox 601 889 665 973; x_wconf 78' lang='grc' dir='ltr'>ἔφη,</span> <span class='ocrx_word' id='word_1_86' title='bbox 688 893 740 949; x_wconf 92' lang='grc' dir='ltr'><strong>τῶν</strong></span> <span class='ocrx_word' id='word_1_87' title='bbox 753 890 875 951; x_wconf 80' lang='grc' dir='ltr'>τοιούτων</span> <span class='ocrx_word' id='word_1_88' title='bbox 893 891 967 951; x_wconf 78' lang='grc' dir='ltr'>ἕνεκα</span> <span class='ocrx_word' id='word_1_89' title='bbox 988 895 1014 950; x_wconf 90' lang='grc' dir='ltr'>ἐν</span> <span class='ocrx_word' id='word_1_90' title='bbox 1059 917 1113 953; x_wconf 91' lang='lat' dir='ltr'><strong>rum</strong></span> <span class='ocrx_word' id='word_1_91' title='bbox 1123 905 1283 967; x_wconf 79' lang='lat' dir='ltr'><strong>rerumgratia</strong></span> <span class='ocrx_word' id='word_1_92' title='bbox 1290 905 1507 957; x_wconf 88' lang='lat' dir='ltr'><strong>inmusiuarersari</strong></span> <span class='ocrx_word' id='word_1_93' title='bbox 1516 907 1626 958; x_wconf 79' lang='lat' dir='ltr'><strong>educatio</strong></span> <span class='ocrx_word' id='word_1_94' title='bbox 1635 907 1739 958; x_wconf 86' lang='lat' dir='ltr'><strong>videtur.</strong></span> <span class='ocrx_word' id='word_1_95' title='bbox 1751 905 1847 971; x_wconf 68' lang='lat' dir='ltr'><strong>[sunm]</strong></span> 
     </span>
     <span class='ocr_line' id='line_1_7' title="bbox 238 971 1846 1062; baseline 0.003 -23"><span class='ocrx_word' id='word_1_96' title='bbox 238 985 350 1062; x_wconf 81' lang='grc' dir='ltr'>μουσικῇ</span> <span class='ocrx_word' id='word_1_97' title='bbox 374 971 441 1038; x_wconf 77' lang='grc' dir='ltr'>εἶναι</span> <span class='ocrx_word' id='word_1_98' title='bbox 462 984 478 1052; x_wconf 81' lang='grc' dir='ltr'>ἡ</span> <span class='ocrx_word' id='word_1_99' title='bbox 500 979 591 1060; x_wconf 78' lang='grc' dir='ltr'>τροριί.</span> <span class='ocrx_word' id='word_1_100' title='bbox 633 976 734 1060; x_wconf 80' lang='grc' dir='ltr'>Ὦςπερ</span> <span class='ocrx_word' id='word_1_101' title='bbox 762 979 826 1061; x_wconf 84' lang='grc' dir='ltr'>ἄρα,</span> <span class='ocrx_word' id='word_1_102' title='bbox 848 973 879 1052; x_wconf 70' lang='grc' dir='ltr'>ἦν</span> <span class='ocrx_word' id='word_1_103' title='bbox 898 982 920 1038; x_wconf 83' lang='grc' dir='ltr'><strong>δ’</strong></span> <span class='ocrx_word' id='word_1_104' title='bbox 945 981 1013 1060; x_wconf 75' lang='grc' dir='ltr'>ἐγὼ,</span> <span class='ocrx_word' id='word_1_105' title='bbox 1059 993 1268 1052; x_wconf 87' lang='lat' dir='ltr'><strong>Quemadmodum</strong></span> <span class='ocrx_word' id='word_1_106' title='bbox 1278 995 1358 1057; x_wconf 77' lang='lat' dir='ltr'><strong>igitur,</strong></span> <span class='ocrx_word' id='word_1_107' title='bbox 1371 995 1653 1059; x_wconf 87' lang='lat' dir='ltr'><strong>inquam‚litterastunc</strong></span> <span class='ocrx_word' id='word_1_108' title='bbox 1666 997 1727 1048; x_wconf 88' lang='lat' dir='ltr'><strong>satis</strong></span> <span class='ocrx_word' id='word_1_109' title='bbox 1740 996 1846 1045; x_wconf 85' lang='lat' dir='ltr'><strong>calleba-</strong></span> 
     </span>
     <span class='ocr_line' id='line_1_8' title="bbox 237 1066 1847 1149; baseline 0.004 -23"><span class='ocrx_word' id='word_1_110' title='bbox 237 1067 401 1149; x_wconf 79' lang='grc' dir='ltr'>γραμμάτων</span> <span class='ocrx_word' id='word_1_111' title='bbox 415 1066 475 1147; x_wconf 90' lang='grc' dir='ltr'>πέρι</span> <span class='ocrx_word' id='word_1_112' title='bbox 483 1067 541 1126; x_wconf 88' lang='grc' dir='ltr'>τότε</span> <span class='ocrx_word' id='word_1_113' title='bbox 551 1071 647 1135; x_wconf 81' lang='grc' dir='ltr'>ἱκανῶς</span> <span class='ocrx_word' id='word_1_114' title='bbox 661 1066 776 1147; x_wconf 84' lang='grc' dir='ltr'>εἴχομεν,</span> <span class='ocrx_word' id='word_1_115' title='bbox 791 1066 834 1126; x_wconf 82' lang='grc' dir='ltr'><strong>ὅτε</strong></span> <span class='ocrx_word' id='word_1_116' title='bbox 848 1068 881 1127; x_wconf 72' lang='lat' dir='ltr'><strong>ab</strong></span> <span class='ocrx_word' id='word_1_117' title='bbox 897 1070 1014 1149; x_wconf 75' lang='grc' dir='ltr'>στοιχεῖα</span> <span class='ocrx_word' id='word_1_118' title='bbox 1059 1095 1126 1141; x_wconf 89' lang='lat' dir='ltr'><strong>mus,</strong></span> <span class='ocrx_word' id='word_1_119' title='bbox 1143 1095 1198 1132; x_wconf 88' lang='lat' dir='ltr'><strong>cum</strong></span> <span class='ocrx_word' id='word_1_120' title='bbox 1207 1083 1324 1134; x_wconf 86' lang='lat' dir='ltr'><strong>elementa</strong></span> <span class='ocrx_word' id='word_1_121' title='bbox 1335 1097 1380 1134; x_wconf 90' lang='lat' dir='ltr'><strong>uus</strong></span> <span class='ocrx_word' id='word_1_122' title='bbox 1392 1097 1441 1134; x_wconf 86' lang='lat' dir='ltr'><strong>nau</strong></span> <span class='ocrx_word' id='word_1_123' title='bbox 1453 1084 1658 1148; x_wconf 80' lang='lat' dir='ltr'><strong>iugiebautpauca</strong></span> <span class='ocrx_word' id='word_1_124' title='bbox 1669 1086 1694 1134; x_wconf 90' lang='lat' dir='ltr'><strong>in</strong></span> <span class='ocrx_word' id='word_1_125' title='bbox 1710 1085 1847 1144; x_wconf 88' lang='lat' dir='ltr'><strong>omnibns,</strong></span> 
     </span>
     <span class='ocr_line' id='line_1_9' title="bbox 236 1147 1846 1236; baseline -0.002 -14"><span class='ocrx_word' id='word_1_126' title='bbox 236 1155 274 1234; x_wconf 76' lang='grc' dir='ltr'>μὴ</span> <span class='ocrx_word' id='word_1_127' title='bbox 287 1155 407 1216; x_wconf 79' lang='grc' dir='ltr'>λανθθναι</span> <span class='ocrx_word' id='word_1_128' title='bbox 418 1161 488 1232; x_wconf 70' lang='grc' dir='ltr'>ἡμᾶς</span> <span class='ocrx_word' id='word_1_129' title='bbox 503 1155 577 1234; x_wconf 73' lang='grc' dir='ltr'>θλίγα</span> <span class='ocrx_word' id='word_1_130' title='bbox 591 1155 653 1214; x_wconf 75' lang='grc' dir='ltr'>ὄντα</span> <span class='ocrx_word' id='word_1_131' title='bbox 665 1158 691 1213; x_wconf 74' lang='grc' dir='ltr'>ἐν</span> <span class='ocrx_word' id='word_1_132' title='bbox 705 1155 802 1214; x_wconf 70' lang='grc' dir='ltr'>θαααιν</span> <span class='ocrx_word' id='word_1_133' title='bbox 817 1147 853 1223; x_wconf 75' lang='grc' dir='ltr'><strong>αἷς</strong></span> <span class='ocrx_word' id='word_1_134' title='bbox 868 1155 924 1215; x_wconf 74' lang='grc' dir='ltr'>θστλ</span> <span class='ocrx_word' id='word_1_135' title='bbox 937 1180 1011 1235; x_wconf 78' lang='grc' dir='ltr'>περι·</span> <span class='ocrx_word' id='word_1_136' title='bbox 1059 1171 1244 1235; x_wconf 84' lang='lat' dir='ltr'><strong>quibuscunque</strong></span> <span class='ocrx_word' id='word_1_137' title='bbox 1255 1171 1349 1231; x_wconf 88' lang='lat' dir='ltr'><strong>insunt,</strong></span> <span class='ocrx_word' id='word_1_138' title='bbox 1358 1185 1436 1235; x_wconf 84' lang='lat' dir='ltr'><strong>neque</strong></span> <span class='ocrx_word' id='word_1_139' title='bbox 1451 1173 1475 1222; x_wconf 91' lang='lat' dir='ltr'><strong>in</strong></span> <span class='ocrx_word' id='word_1_140' title='bbox 1488 1173 1568 1236; x_wconf 84' lang='lat' dir='ltr'><strong>parvis</strong></span> <span class='ocrx_word' id='word_1_141' title='bbox 1577 1185 1656 1236; x_wconf 85' lang='lat' dir='ltr'><strong>neque</strong></span> <span class='ocrx_word' id='word_1_142' title='bbox 1668 1173 1692 1222; x_wconf 89' lang='lat' dir='ltr'><strong>iu</strong></span> <span class='ocrx_word' id='word_1_143' title='bbox 1703 1173 1803 1234; x_wconf 87' lang='lat' dir='ltr'><strong>magnis</strong></span> <span class='ocrx_word' id='word_1_144' title='bbox 1816 1185 1846 1220; x_wconf 89' lang='lat' dir='ltr'><strong>ea</strong></span> 
     </span>
     <span class='ocr_line' id='line_1_10' title="bbox 236 1241 1846 1325; baseline 0.006 -24"><span class='ocrx_word' id='word_1_145' title='bbox 236 1243 381 1325; x_wconf 78' lang='grc' dir='ltr'>φερόμενα,</span> <span class='ocrx_word' id='word_1_146' title='bbox 395 1244 440 1303; x_wconf 86' lang='grc' dir='ltr'><strong>καί</strong></span> <span class='ocrx_word' id='word_1_147' title='bbox 455 1243 507 1302; x_wconf 80' lang='grc' dir='ltr'>οὔτ’</span> <span class='ocrx_word' id='word_1_148' title='bbox 522 1246 549 1302; x_wconf 85' lang='grc' dir='ltr'>ἐν</span> <span class='ocrx_word' id='word_1_149' title='bbox 564 1245 667 1324; x_wconf 84' lang='grc' dir='ltr'>σμικρῷ</span> <span class='ocrx_word' id='word_1_150' title='bbox 682 1241 738 1302; x_wconf 82' lang='grc' dir='ltr'>οὔτ’</span> <span class='ocrx_word' id='word_1_151' title='bbox 750 1245 775 1302; x_wconf 89' lang='grc' dir='ltr'>ἐν</span> <span class='ocrx_word' id='word_1_152' title='bbox 791 1243 899 1325; x_wconf 83' lang='grc' dir='ltr'>μεγάλῳ</span> <span class='ocrx_word' id='word_1_153' title='bbox 914 1243 1013 1320; x_wconf 77' lang='grc' dir='ltr'>ἠτιμά·</span> <span class='ocrx_word' id='word_1_154' title='bbox 1059 1259 1246 1320; x_wconf 86' lang='lat' dir='ltr'><strong>spernebamus,</strong></span> <span class='ocrx_word' id='word_1_155' title='bbox 1259 1264 1381 1322; x_wconf 76' lang='lat' dir='ltr'><strong>tamquam</strong></span> <span class='ocrx_word' id='word_1_156' title='bbox 1398 1273 1447 1310; x_wconf 92' lang='lat' dir='ltr'><strong>uon</strong></span> <span class='ocrx_word' id='word_1_157' title='bbox 1469 1265 1591 1324; x_wconf 82' lang='lat' dir='ltr'><strong>oporteret</strong></span> <span class='ocrx_word' id='word_1_158' title='bbox 1607 1260 1784 1320; x_wconf 78' lang='lat' dir='ltr'><strong>animadverti,</strong></span> <span class='ocrx_word' id='word_1_159' title='bbox 1802 1259 1846 1310; x_wconf 81' lang='lat' dir='ltr'><strong>sed</strong></span> 
     </span>
     <span class='ocr_line' id='line_1_11' title="bbox 200 1331 1846 1412; baseline 0.004 -22"><span class='ocrx_word' id='word_1_160' title='bbox 200 1349 225 1387; x_wconf 84' lang='grc' dir='ltr'><strong>ιο</strong></span> <span class='ocrx_word' id='word_1_161' title='bbox 236 1337 313 1410; x_wconf 84' lang='grc' dir='ltr'>ζομεν</span> <span class='ocrx_word' id='word_1_162' title='bbox 330 1332 412 1406; x_wconf 78' lang='grc' dir='ltr'>αὐτὰ,</span> <span class='ocrx_word' id='word_1_163' title='bbox 427 1337 460 1400; x_wconf 83' lang='grc' dir='ltr'>ῶς</span> <span class='ocrx_word' id='word_1_164' title='bbox 474 1335 503 1391; x_wconf 85' lang='grc' dir='ltr'>ού</span> <span class='ocrx_word' id='word_1_165' title='bbox 523 1333 575 1392; x_wconf 89' lang='grc' dir='ltr'>δέοι</span> <span class='ocrx_word' id='word_1_166' title='bbox 588 1332 769 1405; x_wconf 80' lang='grc' dir='ltr'>αἰσθάνεσθαι,</span> <span class='ocrx_word' id='word_1_167' title='bbox 787 1331 856 1390; x_wconf 76' lang='lat' dir='ltr'><strong>atat</strong></span> <span class='ocrx_word' id='word_1_168' title='bbox 875 1339 1010 1412; x_wconf 79' lang='grc' dir='ltr'>πανταχοῦ</span> <span class='ocrx_word' id='word_1_169' title='bbox 1024 1336 1047 1399; x_wconf 93' lang='lat' dir='ltr'><strong>b</strong></span> <span class='ocrx_word' id='word_1_170' title='bbox 1061 1346 1150 1408; x_wconf 87' lang='lat' dir='ltr'><strong>ubique</strong></span> <span class='ocrx_word' id='word_1_171' title='bbox 1162 1345 1297 1397; x_wconf 88' lang='lat' dir='ltr'><strong>discernere</strong></span> <span class='ocrx_word' id='word_1_172' title='bbox 1309 1346 1349 1397; x_wconf 92' lang='lat' dir='ltr'><strong>illa</strong></span> <span class='ocrx_word' id='word_1_173' title='bbox 1365 1347 1535 1410; x_wconf 87' lang='lat' dir='ltr'><strong>studebamus,</strong></span> <span class='ocrx_word' id='word_1_174' title='bbox 1546 1351 1628 1412; x_wconf 84' lang='lat' dir='ltr'><strong>utpote</strong></span> <span class='ocrx_word' id='word_1_175' title='bbox 1644 1349 1685 1412; x_wconf 86' lang='lat' dir='ltr'><strong>qai</strong></span> <span class='ocrx_word' id='word_1_176' title='bbox 1705 1348 1846 1412; x_wconf 79' lang='lat' dir='ltr'><strong>grammati·</strong></span> 
     </span>
     <span class='ocr_line' id='line_1_12' title="bbox 236 1419 1848 1503; baseline 0.001 -23"><span class='ocrx_word' id='word_1_177' title='bbox 236 1419 452 1503; x_wconf 84' lang='grc' dir='ltr'>πρυύθυμούμεθα</span> <span class='ocrx_word' id='word_1_178' title='bbox 465 1421 669 1500; x_wconf 83' lang='grc' dir='ltr'>διαγιγνώσκειν,</span> <span class='ocrx_word' id='word_1_179' title='bbox 686 1426 721 1490; x_wconf 83' lang='grc' dir='ltr'>ὡς</span> <span class='ocrx_word' id='word_1_180' title='bbox 732 1423 761 1478; x_wconf 84' lang='grc' dir='ltr'>ού</span> <span class='ocrx_word' id='word_1_181' title='bbox 780 1420 904 1502; x_wconf 86' lang='grc' dir='ltr'>πρότερον</span> <span class='ocrx_word' id='word_1_182' title='bbox 916 1421 1012 1499; x_wconf 84' lang='grc' dir='ltr'>ἐσόμι-</span> <span class='ocrx_word' id='word_1_183' title='bbox 1059 1434 1080 1482; x_wconf 91' lang='lat' dir='ltr'><strong>ci</strong></span> <span class='ocrx_word' id='word_1_184' title='bbox 1103 1437 1159 1484; x_wconf 90' lang='lat' dir='ltr'><strong>ante</strong></span> <span class='ocrx_word' id='word_1_185' title='bbox 1180 1435 1254 1484; x_wconf 85' lang='lat' dir='ltr'><strong>laturi</strong></span> <span class='ocrx_word' id='word_1_186' title='bbox 1270 1449 1318 1485; x_wconf 91' lang='lat' dir='ltr'><strong>uon</strong></span> <span class='ocrx_word' id='word_1_187' title='bbox 1337 1449 1459 1498; x_wconf 80' lang='lat' dir='ltr'><strong>essemus,</strong></span> <span class='ocrx_word' id='word_1_188' title='bbox 1481 1449 1554 1500; x_wconf 82' lang='lat' dir='ltr'><strong>quam</strong></span> <span class='ocrx_word' id='word_1_189' title='bbox 1566 1449 1610 1486; x_wconf 91' lang='lat' dir='ltr'><strong>nos</strong></span> <span class='ocrx_word' id='word_1_190' title='bbox 1623 1435 1658 1485; x_wconf 88' lang='lat' dir='ltr'><strong>ita</strong></span> <span class='ocrx_word' id='word_1_191' title='bbox 1674 1447 1848 1498; x_wconf 70' lang='lat' dir='ltr'><strong>conspersisse·</strong></span> 
     </span>
     <span class='ocr_line' id='line_1_13' title="bbox 236 1509 1845 1592; baseline 0.001 -24"><span class='ocrx_word' id='word_1_192' title='bbox 236 1533 276 1569; x_wconf 89' lang='grc' dir='ltr'><strong>νοι</strong></span> <span class='ocrx_word' id='word_1_193' title='bbox 289 1510 481 1591; x_wconf 83' lang='grc' dir='ltr'>γραμματικοί,</span> <span class='ocrx_word' id='word_1_194' title='bbox 495 1510 555 1592; x_wconf 82' lang='grc' dir='ltr'>πρὶν</span> <span class='ocrx_word' id='word_1_195' title='bbox 571 1509 652 1577; x_wconf 79' lang='grc' dir='ltr'>οὕτως</span> <span class='ocrx_word' id='word_1_196' title='bbox 668 1509 782 1590; x_wconf 85' lang='grc' dir='ltr'>ἔχοιμεν.</span> <span class='ocrx_word' id='word_1_197' title='bbox 825 1511 928 1584; x_wconf 79' lang='grc' dir='ltr'>Ἀληθῆ.</span> <span class='ocrx_word' id='word_1_198' title='bbox 942 1513 1014 1572; x_wconf 83' lang='grc' dir='ltr'>Οὐκ·</span> <span class='ocrx_word' id='word_1_199' title='bbox 1058 1534 1121 1570; x_wconf 92' lang='lat' dir='ltr'><strong>mus.</strong></span> <span class='ocrx_word' id='word_1_200' title='bbox 1133 1521 1192 1586; x_wconf 73' lang='lat' dir='ltr'><strong>[un]</strong></span> <span class='ocrx_word' id='word_1_201' title='bbox 1202 1527 1263 1572; x_wconf 88' lang='lat' dir='ltr'><strong>Vera</strong></span> <span class='ocrx_word' id='word_1_202' title='bbox 1275 1523 1343 1574; x_wconf 86' lang='lat' dir='ltr'><strong>dicis.</strong></span> <span class='ocrx_word' id='word_1_203' title='bbox 1355 1522 1445 1590; x_wconf 72' lang='lat' dir='ltr'><strong>[scca]</strong></span> <span class='ocrx_word' id='word_1_204' title='bbox 1456 1528 1550 1587; x_wconf 78' lang='lat' dir='ltr'><strong>Ergone</strong></span> <span class='ocrx_word' id='word_1_205' title='bbox 1566 1524 1681 1586; x_wconf 82' lang='lat' dir='ltr'><strong>imagines</strong></span> <span class='ocrx_word' id='word_1_206' title='bbox 1692 1537 1796 1586; x_wconf 76' lang='lat' dir='ltr'><strong>utroque</strong></span> <span class='ocrx_word' id='word_1_207' title='bbox 1809 1521 1845 1570; x_wconf 89' lang='lat' dir='ltr'><strong>lit·</strong></span> 
     </span>
     <span class='ocr_line' id='line_1_14' title="bbox 237 1597 1846 1679; baseline 0.001 -22"><span class='ocrx_word' id='word_1_208' title='bbox 237 1606 280 1657; x_wconf 77' lang='grc' dir='ltr'><strong>οῦν</strong></span> <span class='ocrx_word' id='word_1_209' title='bbox 299 1599 344 1658; x_wconf 78' lang='grc' dir='ltr'><strong>καί</strong></span> <span class='ocrx_word' id='word_1_210' title='bbox 356 1598 455 1666; x_wconf 76' lang='grc' dir='ltr'>εἰκόνας</span> <span class='ocrx_word' id='word_1_211' title='bbox 474 1597 648 1679; x_wconf 81' lang='grc' dir='ltr'>γραμμάτων,</span> <span class='ocrx_word' id='word_1_212' title='bbox 670 1599 693 1657; x_wconf 85' lang='grc' dir='ltr'><strong>εί</strong></span> <span class='ocrx_word' id='word_1_213' title='bbox 708 1622 759 1658; x_wconf 91' lang='grc' dir='ltr'>που</span> <span class='ocrx_word' id='word_1_214' title='bbox 775 1598 791 1671; x_wconf 75' lang='grc' dir='ltr'>ἢ</span> <span class='ocrx_word' id='word_1_215' title='bbox 807 1603 833 1658; x_wconf 86' lang='grc' dir='ltr'>ἐν</span> <span class='ocrx_word' id='word_1_216' title='bbox 851 1597 941 1658; x_wconf 85' lang='grc' dir='ltr'>θδασιν</span> <span class='ocrx_word' id='word_1_217' title='bbox 954 1597 971 1669; x_wconf 80' lang='grc' dir='ltr'><strong>ἣ</strong></span> <span class='ocrx_word' id='word_1_218' title='bbox 986 1603 1012 1658; x_wconf 84' lang='grc' dir='ltr'>ἐν</span> <span class='ocrx_word' id='word_1_219' title='bbox 1059 1611 1177 1673; x_wconf 88' lang='lat' dir='ltr'><strong>terarum,</strong></span> <span class='ocrx_word' id='word_1_220' title='bbox 1190 1612 1266 1661; x_wconf 87' lang='lat' dir='ltr'><strong>sicubi</strong></span> <span class='ocrx_word' id='word_1_221' title='bbox 1278 1612 1316 1663; x_wconf 83' lang='lat' dir='ltr'><strong>rel</strong></span> <span class='ocrx_word' id='word_1_222' title='bbox 1326 1613 1350 1662; x_wconf 92' lang='lat' dir='ltr'><strong>in</strong></span> <span class='ocrx_word' id='word_1_223' title='bbox 1359 1613 1429 1676; x_wconf 85' lang='lat' dir='ltr'><strong>aquis</strong></span> <span class='ocrx_word' id='word_1_224' title='bbox 1441 1613 1478 1663; x_wconf 83' lang='lat' dir='ltr'><strong>vel</strong></span> <span class='ocrx_word' id='word_1_225' title='bbox 1491 1614 1515 1662; x_wconf 91' lang='lat' dir='ltr'><strong>iu</strong></span> <span class='ocrx_word' id='word_1_226' title='bbox 1525 1613 1628 1676; x_wconf 88' lang='lat' dir='ltr'><strong>speculis</strong></span> <span class='ocrx_word' id='word_1_227' title='bbox 1635 1614 1846 1676; x_wconf 85' lang='lat' dir='ltr'><strong>appareaut,uun</strong></span> 
     </span>
     <span class='ocr_line' id='line_1_15' title="bbox 236 1686 1844 1769; baseline 0.001 -24"><span class='ocrx_word' id='word_1_228' title='bbox 236 1687 390 1769; x_wconf 84' lang='grc' dir='ltr'>κατόπτροις</span> <span class='ocrx_word' id='word_1_229' title='bbox 406 1687 586 1768; x_wconf 68' lang='grc' dir='ltr'>ἐμφαίνοιντο,</span> <span class='ocrx_word' id='word_1_230' title='bbox 600 1689 629 1746; x_wconf 92' lang='grc' dir='ltr'>ού</span> <span class='ocrx_word' id='word_1_231' title='bbox 640 1686 763 1767; x_wconf 88' lang='grc' dir='ltr'>πρότερον</span> <span class='ocrx_word' id='word_1_232' title='bbox 775 1686 1013 1768; x_wconf 80' lang='grc' dir='ltr'>γνωσόμεθα,πρλν</span> <span class='ocrx_word' id='word_1_233' title='bbox 1058 1702 1113 1748; x_wconf 91' lang='lat' dir='ltr'><strong>ante</strong></span> <span class='ocrx_word' id='word_1_234' title='bbox 1138 1711 1310 1760; x_wconf 71' lang='lat' dir='ltr'><strong>cognoscemus</strong></span> <span class='ocrx_word' id='word_1_235' title='bbox 1333 1714 1405 1762; x_wconf 83' lang='lat' dir='ltr'><strong>quam</strong></span> <span class='ocrx_word' id='word_1_236' title='bbox 1427 1700 1491 1764; x_wconf 90' lang='lat' dir='ltr'><strong>ipsas</strong></span> <span class='ocrx_word' id='word_1_237' title='bbox 1507 1697 1600 1751; x_wconf 73' lang='lat' dir='ltr'><strong>litteras</strong></span> <span class='ocrx_word' id='word_1_238' title='bbox 1618 1701 1775 1760; x_wconf 86' lang='lat' dir='ltr'><strong>noverimus,</strong></span> <span class='ocrx_word' id='word_1_239' title='bbox 1800 1697 1844 1747; x_wconf 86' lang='lat' dir='ltr'><strong>sed</strong></span> 
     </span>
     <span class='ocr_line' id='line_1_16' title="bbox 198 1773 1843 1856; baseline 0.001 -22"><span class='ocrx_word' id='word_1_240' title='bbox 198 1797 222 1836; x_wconf 87' lang='lat' dir='ltr'><strong>rs</strong></span> <span class='ocrx_word' id='word_1_241' title='bbox 237 1775 267 1834; x_wconf 80' lang='grc' dir='ltr'>ἂν</span> <span class='ocrx_word' id='word_1_242' title='bbox 296 1776 363 1836; x_wconf 79' lang='grc' dir='ltr'>αὐτὰ</span> <span class='ocrx_word' id='word_1_243' title='bbox 375 1779 488 1853; x_wconf 86' lang='grc' dir='ltr'>γνῶμεν,</span> <span class='ocrx_word' id='word_1_244' title='bbox 503 1776 560 1835; x_wconf 81' lang='grc' dir='ltr'>ἀλλ’</span> <span class='ocrx_word' id='word_1_245' title='bbox 574 1775 630 1835; x_wconf 83' lang='grc' dir='ltr'>ἔστι</span> <span class='ocrx_word' id='word_1_246' title='bbox 648 1782 693 1848; x_wconf 78' lang='grc' dir='ltr'><strong>τῆς</strong></span> <span class='ocrx_word' id='word_1_247' title='bbox 714 1779 793 1848; x_wconf 79' lang='grc' dir='ltr'>αὐτῆς</span> <span class='ocrx_word' id='word_1_248' title='bbox 807 1777 899 1856; x_wconf 91' lang='grc' dir='ltr'>τέχνης</span> <span class='ocrx_word' id='word_1_249' title='bbox 914 1801 943 1836; x_wconf 87' lang='grc' dir='ltr'><strong>τε</strong></span> <span class='ocrx_word' id='word_1_250' title='bbox 967 1776 1013 1836; x_wconf 81' lang='grc' dir='ltr'><strong>καὶ</strong></span> <span class='ocrx_word' id='word_1_251' title='bbox 1058 1790 1096 1835; x_wconf 86' lang='lat' dir='ltr'><strong>est</strong></span> <span class='ocrx_word' id='word_1_252' title='bbox 1106 1787 1152 1836; x_wconf 86' lang='lat' dir='ltr'><strong>lruc</strong></span> <span class='ocrx_word' id='word_1_253' title='bbox 1163 1789 1221 1837; x_wconf 91' lang='lat' dir='ltr'><strong>artis</strong></span> <span class='ocrx_word' id='word_1_254' title='bbox 1240 1793 1265 1837; x_wconf 88' lang='lat' dir='ltr'><strong>et</strong></span> <span class='ocrx_word' id='word_1_255' title='bbox 1278 1773 1453 1839; x_wconf 81' lang='lat' dir='ltr'><strong>exercitationis</strong></span> <span class='ocrx_word' id='word_1_256' title='bbox 1466 1788 1589 1852; x_wconf 82' lang='lat' dir='ltr'><strong>ejusdem?</strong></span> <span class='ocrx_word' id='word_1_257' title='bbox 1600 1787 1660 1852; x_wconf 72' lang='lat' dir='ltr'><strong>[ca]</strong></span> <span class='ocrx_word' id='word_1_258' title='bbox 1673 1791 1717 1838; x_wconf 83' lang='lat' dir='ltr'><strong>list</strong></span> <span class='ocrx_word' id='word_1_259' title='bbox 1728 1787 1843 1838; x_wconf 89' lang='lat' dir='ltr'><strong>omnino.</strong></span> 
     </span>
     <span class='ocr_line' id='line_1_17' title="bbox 236 1854 1845 1950; baseline 0.002 -28"><span class='ocrx_word' id='word_1_260' title='bbox 236 1866 359 1941; x_wconf 70' lang='grc' dir='ltr'>μελέτηςς</span> <span class='ocrx_word' id='word_1_261' title='bbox 379 1864 539 1926; x_wconf 89' lang='grc' dir='ltr'>Παντάπασι</span> <span class='ocrx_word' id='word_1_262' title='bbox 560 1863 607 1942; x_wconf 78' lang='grc' dir='ltr'><strong>μὲν</strong></span> <span class='ocrx_word' id='word_1_263' title='bbox 627 1856 680 1924; x_wconf 70' lang='grc' dir='ltr'>οὖν.</span> <span class='ocrx_word' id='word_1_264' title='bbox 727 1854 784 1946; x_wconf 67' lang='grc' dir='ltr'><strong>Ἆρ’</strong></span> <span class='ocrx_word' id='word_1_265' title='bbox 809 1856 865 1940; x_wconf 71' lang='grc' dir='ltr'>οὖν,</span> <span class='ocrx_word' id='word_1_266' title='bbox 894 1864 1011 1943; x_wconf 88' lang='grc' dir='ltr'>δλέγω,</span> <span class='ocrx_word' id='word_1_267' title='bbox 1056 1875 1238 1942; x_wconf 65' lang='lat' dir='ltr'><strong>[sunniacum</strong></span> <span class='ocrx_word' id='word_1_268' title='bbox 1250 1878 1330 1938; x_wconf 81' lang='lat' dir='ltr'><strong>igitur,</strong></span> <span class='ocrx_word' id='word_1_269' title='bbox 1344 1877 1460 1940; x_wconf 84' lang='lat' dir='ltr'><strong>perdeas,</strong></span> <span class='ocrx_word' id='word_1_270' title='bbox 1471 1877 1496 1926; x_wconf 89' lang='lat' dir='ltr'><strong>id</strong></span> <span class='ocrx_word' id='word_1_271' title='bbox 1508 1878 1573 1941; x_wconf 88' lang='lat' dir='ltr'><strong>qnod</strong></span> <span class='ocrx_word' id='word_1_272' title='bbox 1585 1877 1691 1950; x_wconf 80' lang='lat' dir='ltr'><strong>dicturus</strong></span> <span class='ocrx_word' id='word_1_273' title='bbox 1707 1890 1845 1938; x_wconf 87' lang='lat' dir='ltr'><strong>eram,ea·</strong></span> 
     </span>
     <span class='ocr_line' id='line_1_18' title="bbox 234 1951 1844 2035; baseline 0.001 -24"><span class='ocrx_word' id='word_1_274' title='bbox 234 1954 297 2035; x_wconf 81' lang='grc' dir='ltr'>πρὸς</span> <span class='ocrx_word' id='word_1_275' title='bbox 315 1958 388 2027; x_wconf 90' lang='grc' dir='ltr'>θεῶν,</span> <span class='ocrx_word' id='word_1_276' title='bbox 398 1953 488 2031; x_wconf 44' lang='grc' dir='ltr'>Ϊούτως</span> <span class='ocrx_word' id='word_1_277' title='bbox 510 1952 567 2012; x_wconf 81' lang='grc' dir='ltr'>οὐδὲ</span> <span class='ocrx_word' id='word_1_278' title='bbox 593 1953 711 2030; x_wconf 79' lang='grc' dir='ltr'>μουσικοί</span> <span class='ocrx_word' id='word_1_279' title='bbox 736 1952 860 2035; x_wconf 87' lang='grc' dir='ltr'>πρότερον</span> <span class='ocrx_word' id='word_1_280' title='bbox 884 1951 1009 2032; x_wconf 79' lang='grc' dir='ltr'>ἐσόμεθα,</span> <span class='ocrx_word' id='word_1_281' title='bbox 1055 1966 1111 2016; x_wconf 90' lang='lat' dir='ltr'><strong>dem</strong></span> <span class='ocrx_word' id='word_1_282' title='bbox 1122 1966 1213 2016; x_wconf 89' lang='lat' dir='ltr'><strong>ratione</strong></span> <span class='ocrx_word' id='word_1_283' title='bbox 1226 1979 1305 2028; x_wconf 88' lang='lat' dir='ltr'><strong>neque</strong></span> <span class='ocrx_word' id='word_1_284' title='bbox 1315 1966 1399 2016; x_wconf 89' lang='lat' dir='ltr'><strong>musici</strong></span> <span class='ocrx_word' id='word_1_285' title='bbox 1407 1967 1463 2016; x_wconf 89' lang='lat' dir='ltr'><strong>ante</strong></span> <span class='ocrx_word' id='word_1_286' title='bbox 1474 1966 1563 2016; x_wconf 86' lang='lat' dir='ltr'><strong>erimus</strong></span> <span class='ocrx_word' id='word_1_287' title='bbox 1579 1966 1618 2016; x_wconf 85' lang='lat' dir='ltr'><strong>rel</strong></span> <span class='ocrx_word' id='word_1_288' title='bbox 1628 1979 1672 2015; x_wconf 87' lang='lat' dir='ltr'><strong>uos</strong></span> <span class='ocrx_word' id='word_1_289' title='bbox 1684 1965 1722 2016; x_wconf 86' lang='lat' dir='ltr'><strong>rel</strong></span> <span class='ocrx_word' id='word_1_290' title='bbox 1735 1966 1769 2026; x_wconf 88' lang='lat' dir='ltr'><strong>ii,</strong></span> <span class='ocrx_word' id='word_1_291' title='bbox 1781 1979 1844 2027; x_wconf 88' lang='lat' dir='ltr'><strong>qnos</strong></span> 
     </span>
     <span class='ocr_line' id='line_1_19' title="bbox 234 2033 1843 2121; baseline 0.002 -22"><span class='ocrx_word' id='word_1_292' title='bbox 234 2041 292 2100; x_wconf 83' lang='grc' dir='ltr'>οὔτε</span> <span class='ocrx_word' id='word_1_293' title='bbox 318 2042 390 2102; x_wconf 81' lang='grc' dir='ltr'>αὐτοί</span> <span class='ocrx_word' id='word_1_294' title='bbox 415 2041 474 2102; x_wconf 84' lang='grc' dir='ltr'>οὔτε</span> <span class='ocrx_word' id='word_1_295' title='bbox 500 2041 542 2109; x_wconf 72' lang='lat' dir='ltr'><strong>ulie</strong></span> <span class='ocrx_word' id='word_1_296' title='bbox 563 2065 649 2121; x_wconf 81' lang='grc' dir='ltr'>φαμεν</span> <span class='ocrx_word' id='word_1_297' title='bbox 667 2044 730 2120; x_wconf 84' lang='grc' dir='ltr'>ἡμῖν</span> <span class='ocrx_word' id='word_1_298' title='bbox 756 2040 908 2102; x_wconf 80' lang='grc' dir='ltr'>παιδευτέον</span> <span class='ocrx_word' id='word_1_299' title='bbox 929 2033 1010 2114; x_wconf 75' lang='grc' dir='ltr'>εἶναι,</span> <span class='ocrx_word' id='word_1_300' title='bbox 1024 2062 1042 2103; x_wconf 89' lang='lat' dir='ltr'><strong>c</strong></span> <span class='ocrx_word' id='word_1_301' title='bbox 1057 2053 1392 2112; x_wconf 78' lang='lat' dir='ltr'><strong>erudiendosnobisdicimus,</strong></span> <span class='ocrx_word' id='word_1_302' title='bbox 1402 2054 1523 2116; x_wconf 85' lang='lat' dir='ltr'><strong>custodes,</strong></span> <span class='ocrx_word' id='word_1_303' title='bbox 1531 2068 1604 2118; x_wconf 87' lang='lat' dir='ltr'><strong>quam</strong></span> <span class='ocrx_word' id='word_1_304' title='bbox 1613 2053 1778 2118; x_wconf 84' lang='lat' dir='ltr'><strong>temperantiae</strong></span> <span class='ocrx_word' id='word_1_305' title='bbox 1788 2067 1843 2116; x_wconf 87' lang='lat' dir='ltr'><strong>spe·</strong></span> 
     </span>
     <span class='ocr_line' id='line_1_20' title="bbox 234 2128 1842 2212; baseline -0.004 -14"><span class='ocrx_word' id='word_1_306' title='bbox 234 2130 293 2198; x_wconf 76' lang='grc' dir='ltr'>ιαθς</span> <span class='ocrx_word' id='word_1_307' title='bbox 306 2131 437 2212; x_wconf 70' lang='grc' dir='ltr'>φύλακας,</span> <span class='ocrx_word' id='word_1_308' title='bbox 456 2131 518 2210; x_wconf 68' lang='grc' dir='ltr'>πρίν</span> <span class='ocrx_word' id='word_1_309' title='bbox 536 2128 568 2188; x_wconf 80' lang='grc' dir='ltr'><strong>θιν</strong></span> <span class='ocrx_word' id='word_1_310' title='bbox 588 2129 622 2188; x_wconf 69' lang='grc' dir='ltr'>ιθ</span> <span class='ocrx_word' id='word_1_311' title='bbox 637 2136 683 2202; x_wconf 75' lang='grc' dir='ltr'>τῆς</span> <span class='ocrx_word' id='word_1_312' title='bbox 703 2129 941 2210; x_wconf 62' lang='lat' dir='ltr'><strong>suppositarum</strong></span> <span class='ocrx_word' id='word_1_313' title='bbox 966 2129 1011 2188; x_wconf 73' lang='grc' dir='ltr'><strong>καθ</strong></span> <span class='ocrx_word' id='word_1_314' title='bbox 1056 2143 1842 2206; x_wconf 77' lang='lat' dir='ltr'><strong>ciesettortitudinisetiiberalitutisetmagnilioentiaeetquaacun·</strong></span> 
     </span>
     <span class='ocr_line' id='line_1_21' title="bbox 196 2216 1842 2364; baseline 0.004 -93"><span class='ocrx_word' id='word_1_315' title='bbox 196 2231 222 2271; x_wconf 82' lang='lat' dir='ltr'><strong>aa</strong></span> <span class='ocrx_word' id='word_1_316' title='bbox 236 2219 352 2300; x_wconf 74' lang='grc' dir='ltr'>ἀνδρείας</span> <span class='ocrx_word' id='word_1_317' title='bbox 366 2219 412 2278; x_wconf 69' lang='grc' dir='ltr'><strong>καί</strong></span> <span class='ocrx_word' id='word_1_318' title='bbox 427 2217 631 2299; x_wconf 60' lang='lat' dir='ltr'><strong>laeetania-arae</strong></span> <span class='ocrx_word' id='word_1_319' title='bbox 653 2217 698 2292; x_wconf 63' lang='grc' dir='ltr'>,καί</span> <span class='ocrx_word' id='word_1_320' title='bbox 723 2217 947 2364; x_wconf 57' lang='grc' dir='ltr'>μῑχαλαιιραιιῑίας</span> <span class='ocrx_word' id='word_1_321' title='bbox 965 2216 1011 2276; x_wconf 70' lang='grc' dir='ltr'><strong>καί</strong></span> <span class='ocrx_word' id='word_1_322' title='bbox 1056 2232 1145 2296; x_wconf 87' lang='lat' dir='ltr'><strong>quelris</strong></span> <span class='ocrx_word' id='word_1_323' title='bbox 1156 2233 1450 2294; x_wconf 55' lang='lat' dir='ltr'><strong>consummationum</strong></span> <span class='ocrx_word' id='word_1_324' title='bbox 1462 2231 1755 2282; x_wconf 84' lang='lat' dir='ltr'><strong>rursnseonlrariaubiris</strong></span> <span class='ocrx_word' id='word_1_325' title='bbox 1765 2230 1842 2280; x_wconf 79' lang='lat' dir='ltr'><strong>obvia</strong></span> 
     </span>
     <span class='ocr_line' id='line_1_22' title="bbox 234 2305 1842 2387; baseline 0.001 -21"><span class='ocrx_word' id='word_1_326' title='bbox 234 2307 282 2366; x_wconf 81' lang='grc' dir='ltr'><strong>όσα</strong></span> <span class='ocrx_word' id='word_1_327' title='bbox 296 2305 392 2366; x_wconf 79' lang='grc' dir='ltr'>τούτοιν</span> <span class='ocrx_word' id='word_1_328' title='bbox 408 2305 507 2387; x_wconf 76' lang='grc' dir='ltr'>ἀδελφὰ</span> <span class='ocrx_word' id='word_1_329' title='bbox 523 2306 568 2365; x_wconf 84' lang='grc' dir='ltr'><strong>καί</strong></span> <span class='ocrx_word' id='word_1_330' title='bbox 584 2305 619 2364; x_wconf 77' lang='grc' dir='ltr'><strong>τότ</strong></span> <span class='ocrx_word' id='word_1_331' title='bbox 634 2305 731 2365; x_wconf 89' lang='grc' dir='ltr'>τούτων</span> <span class='ocrx_word' id='word_1_332' title='bbox 746 2328 762 2363; x_wconf 90' lang='grc' dir='ltr'><strong>α</strong></span> <span class='ocrx_word' id='word_1_333' title='bbox 791 2305 895 2364; x_wconf 78' lang='grc' dir='ltr'>ἐναντία</span> <span class='ocrx_word' id='word_1_334' title='bbox 909 2329 1013 2365; x_wconf 75' lang='grc' dir='ltr'><strong>παντιι·ι</strong></span> <span class='ocrx_word' id='word_1_335' title='bbox 1055 2323 1237 2383; x_wconf 70' lang='lat' dir='ltr'><strong>cognoverimus</strong></span> <span class='ocrx_word' id='word_1_336' title='bbox 1246 2325 1270 2372; x_wconf 73' lang='lat' dir='ltr'><strong>et</strong></span> <span class='ocrx_word' id='word_1_337' title='bbox 1281 2321 1305 2370; x_wconf 83' lang='lat' dir='ltr'><strong>in</strong></span> <span class='ocrx_word' id='word_1_338' title='bbox 1316 2321 1406 2384; x_wconf 65' lang='lat' dir='ltr'><strong>peribus</strong></span> <span class='ocrx_word' id='word_1_339' title='bbox 1415 2320 1488 2372; x_wconf 77' lang='lat' dir='ltr'><strong>insint</strong></span> <span class='ocrx_word' id='word_1_340' title='bbox 1497 2319 1630 2370; x_wconf 79' lang='lat' dir='ltr'><strong>sentiamus</strong></span> <span class='ocrx_word' id='word_1_341' title='bbox 1639 2333 1695 2370; x_wconf 91' lang='lat' dir='ltr'><strong>cnm</strong></span> <span class='ocrx_word' id='word_1_342' title='bbox 1706 2320 1771 2383; x_wconf 87' lang='lat' dir='ltr'><strong>ipsa,</strong></span> <span class='ocrx_word' id='word_1_343' title='bbox 1784 2323 1842 2368; x_wconf 85' lang='lat' dir='ltr'><strong>tuna</strong></span> 
     </span>
     <span class='ocr_line' id='line_1_23' title="bbox 233 2385 1843 2478; baseline -0.001 -22"><span class='ocrx_word' id='word_1_344' title='bbox 233 2403 282 2476; x_wconf 80' lang='grc' dir='ltr'>χοῦ</span> <span class='ocrx_word' id='word_1_345' title='bbox 303 2397 494 2478; x_wconf 75' lang='grc' dir='ltr'>περιφερόμενα</span> <span class='ocrx_word' id='word_1_346' title='bbox 508 2395 673 2476; x_wconf 80' lang='grc' dir='ltr'>γνωρίζωμεν</span> <span class='ocrx_word' id='word_1_347' title='bbox 688 2395 733 2454; x_wconf 74' lang='grc' dir='ltr'><strong>καί</strong></span> <span class='ocrx_word' id='word_1_348' title='bbox 753 2393 842 2454; x_wconf 81' lang='grc' dir='ltr'>θνθνια</span> <span class='ocrx_word' id='word_1_349' title='bbox 857 2397 884 2453; x_wconf 75' lang='grc' dir='ltr'>ἐν</span> <span class='ocrx_word' id='word_1_350' title='bbox 902 2385 940 2462; x_wconf 73' lang='grc' dir='ltr'><strong>αἷς</strong></span> <span class='ocrx_word' id='word_1_351' title='bbox 955 2393 1009 2453; x_wconf 73' lang='grc' dir='ltr'>θνα·</span> <span class='ocrx_word' id='word_1_352' title='bbox 1055 2421 1138 2460; x_wconf 89' lang='lat' dir='ltr'><strong>eorum</strong></span> <span class='ocrx_word' id='word_1_353' title='bbox 1151 2410 1278 2472; x_wconf 83' lang='lat' dir='ltr'><strong>imagines,</strong></span> <span class='ocrx_word' id='word_1_354' title='bbox 1287 2423 1365 2472; x_wconf 85' lang='lat' dir='ltr'><strong>neque</strong></span> <span class='ocrx_word' id='word_1_355' title='bbox 1376 2409 1400 2458; x_wconf 95' lang='lat' dir='ltr'><strong>in</strong></span> <span class='ocrx_word' id='word_1_356' title='bbox 1414 2409 1494 2472; x_wconf 80' lang='lat' dir='ltr'><strong>parnis</strong></span> <span class='ocrx_word' id='word_1_357' title='bbox 1504 2408 1615 2471; x_wconf 80' lang='lat' dir='ltr'><strong>usquein</strong></span> <span class='ocrx_word' id='word_1_358' title='bbox 1628 2408 1719 2469; x_wconf 79' lang='lat' dir='ltr'><strong>maguis</strong></span> <span class='ocrx_word' id='word_1_359' title='bbox 1728 2411 1843 2457; x_wconf 86' lang='lat' dir='ltr'><strong>coutem-</strong></span> 
     </span>
     <span class='ocr_line' id='line_1_24' title="bbox 236 2482 1842 2560; baseline -0.004 -11"><span class='ocrx_word' id='word_1_360' title='bbox 236 2511 291 2546; x_wconf 87' lang='grc' dir='ltr'>στιν</span> <span class='ocrx_word' id='word_1_361' title='bbox 316 2482 497 2560; x_wconf 76' lang='grc' dir='ltr'>αἰσθανώμεθα</span> <span class='ocrx_word' id='word_1_362' title='bbox 520 2483 566 2543; x_wconf 80' lang='grc' dir='ltr'><strong>καὶ</strong></span> <span class='ocrx_word' id='word_1_363' title='bbox 592 2483 658 2542; x_wconf 75' lang='grc' dir='ltr'>αὐτὰ</span> <span class='ocrx_word' id='word_1_364' title='bbox 683 2483 728 2542; x_wconf 78' lang='grc' dir='ltr'><strong>καί</strong></span> <span class='ocrx_word' id='word_1_365' title='bbox 743 2482 841 2549; x_wconf 76' lang='grc' dir='ltr'>εἰκόνας</span> <span class='ocrx_word' id='word_1_366' title='bbox 860 2484 953 2556; x_wconf 77' lang='grc' dir='ltr'>αὐτῶν,</span> <span class='ocrx_word' id='word_1_367' title='bbox 967 2483 1011 2542; x_wconf 80' lang='grc' dir='ltr'><strong>καί</strong></span> <span class='ocrx_word' id='word_1_368' title='bbox 1055 2497 1353 2559; x_wconf 64' lang='lat' dir='ltr'><strong>pertranseuntium</strong></span> <span class='ocrx_word' id='word_1_369' title='bbox 1371 2510 1424 2547; x_wconf 86' lang='lat' dir='ltr'><strong>esse</strong></span> <span class='ocrx_word' id='word_1_370' title='bbox 1447 2497 1613 2560; x_wconf 81' lang='lat' dir='ltr'><strong>putaverimus</strong></span> <span class='ocrx_word' id='word_1_371' title='bbox 1629 2497 1686 2545; x_wconf 79' lang='lat' dir='ltr'><strong>artis</strong></span> <span class='ocrx_word' id='word_1_372' title='bbox 1701 2499 1726 2546; x_wconf 81' lang='lat' dir='ltr'><strong>et</strong></span> <span class='ocrx_word' id='word_1_373' title='bbox 1746 2495 1842 2545; x_wconf 80' lang='lat' dir='ltr'><strong>studit?</strong></span> 
     </span>
     <span class='ocr_line' id='line_1_25' title="bbox 235 2569 1840 2654; baseline -0.004 -14"><span class='ocrx_word' id='word_1_374' title='bbox 235 2575 301 2654; x_wconf 78' lang='grc' dir='ltr'>μήτε</span> <span class='ocrx_word' id='word_1_375' title='bbox 315 2576 341 2633; x_wconf 82' lang='grc' dir='ltr'><strong>θν</strong></span> <span class='ocrx_word' id='word_1_376' title='bbox 354 2576 472 2653; x_wconf 72' lang='grc' dir='ltr'>σμικραῖς</span> <span class='ocrx_word' id='word_1_377' title='bbox 487 2570 553 2646; x_wconf 66' lang='grc' dir='ltr'>μίαν</span> <span class='ocrx_word' id='word_1_378' title='bbox 567 2574 593 2631; x_wconf 74' lang='grc' dir='ltr'><strong>ἐν</strong></span> <span class='ocrx_word' id='word_1_379' title='bbox 606 2571 729 2649; x_wconf 68' lang='grc' dir='ltr'>μεγάλαις</span> <span class='ocrx_word' id='word_1_380' title='bbox 746 2569 923 2650; x_wconf 69' lang='grc' dir='ltr'>ἀτιμάζωμεν,</span> <span class='ocrx_word' id='word_1_381' title='bbox 942 2571 1011 2630; x_wconf 73' lang='grc' dir='ltr'>ἄλλα</span> <span class='ocrx_word' id='word_1_382' title='bbox 1055 2585 1116 2649; x_wconf 76' lang='lat' dir='ltr'><strong>[cn]</strong></span> <span class='ocrx_word' id='word_1_383' title='bbox 1128 2589 1181 2646; x_wconf 88' lang='lat' dir='ltr'><strong>Per,</strong></span> <span class='ocrx_word' id='word_1_384' title='bbox 1198 2586 1290 2648; x_wconf 88' lang='lat' dir='ltr'><strong>inquit,</strong></span> <span class='ocrx_word' id='word_1_385' title='bbox 1302 2585 1462 2636; x_wconf 78' lang='lat' dir='ltr'><strong>necessarium</strong></span> <span class='ocrx_word' id='word_1_386' title='bbox 1482 2588 1526 2636; x_wconf 87' lang='lat' dir='ltr'><strong>est.</strong></span> <span class='ocrx_word' id='word_1_387' title='bbox 1538 2584 1627 2649; x_wconf 73' lang='lat' dir='ltr'><strong>[soca]</strong></span> <span class='ocrx_word' id='word_1_388' title='bbox 1642 2587 1697 2634; x_wconf 83' lang='lat' dir='ltr'><strong>lam</strong></span> <span class='ocrx_word' id='word_1_389' title='bbox 1717 2596 1791 2644; x_wconf 79' lang='lat' dir='ltr'><strong>uero,</strong></span> <span class='ocrx_word' id='word_1_390' title='bbox 1804 2583 1840 2633; x_wconf 91' lang='lat' dir='ltr'><strong>in·</strong></span> 
     </span>
     <span class='ocr_line' id='line_1_26' title="bbox 194 2649 1842 2740; baseline -0.001 -18"><span class='ocrx_word' id='word_1_391' title='bbox 194 2683 220 2722; x_wconf 87' lang='lat' dir='ltr'><strong>as</strong></span> <span class='ocrx_word' id='word_1_392' title='bbox 235 2669 281 2736; x_wconf 78' lang='grc' dir='ltr'>τῆς</span> <span class='ocrx_word' id='word_1_393' title='bbox 297 2667 374 2734; x_wconf 72' lang='grc' dir='ltr'>αὐτῆς</span> <span class='ocrx_word' id='word_1_394' title='bbox 386 2661 499 2740; x_wconf 83' lang='grc' dir='ltr'>οἰώμεθα</span> <span class='ocrx_word' id='word_1_395' title='bbox 512 2659 606 2740; x_wconf 85' lang='grc' dir='ltr'>τέχνης</span> <span class='ocrx_word' id='word_1_396' title='bbox 633 2649 700 2719; x_wconf 77' lang='grc' dir='ltr'>εἶναι</span> <span class='ocrx_word' id='word_1_397' title='bbox 714 2658 759 2718; x_wconf 83' lang='grc' dir='ltr'><strong>καί</strong></span> <span class='ocrx_word' id='word_1_398' title='bbox 774 2657 899 2738; x_wconf 59' lang='lat' dir='ltr'><strong>psalma</strong></span> <span class='ocrx_word' id='word_1_399' title='bbox 917 2659 1010 2733; x_wconf 78' lang='grc' dir='ltr'>Πολλὴ</span> <span class='ocrx_word' id='word_1_400' title='bbox 1055 2687 1142 2736; x_wconf 84' lang='lat' dir='ltr'><strong>quam,</strong></span> <span class='ocrx_word' id='word_1_401' title='bbox 1158 2675 1178 2724; x_wconf 90' lang='lat' dir='ltr'><strong>si</strong></span> <span class='ocrx_word' id='word_1_402' title='bbox 1196 2687 1244 2736; x_wconf 83' lang='grc' dir='ltr'>ηυο</span> <span class='ocrx_word' id='word_1_403' title='bbox 1264 2675 1289 2724; x_wconf 92' lang='lat' dir='ltr'><strong>in</strong></span> <span class='ocrx_word' id='word_1_404' title='bbox 1306 2673 1402 2724; x_wconf 89' lang='lat' dir='ltr'><strong>homine</strong></span> <span class='ocrx_word' id='word_1_405' title='bbox 1423 2674 1476 2723; x_wconf 86' lang='lat' dir='ltr'><strong>lraec</strong></span> <span class='ocrx_word' id='word_1_406' title='bbox 1492 2675 1648 2734; x_wconf 86' lang='lat' dir='ltr'><strong>concurrant,</strong></span> <span class='ocrx_word' id='word_1_407' title='bbox 1665 2677 1692 2721; x_wconf 90' lang='lat' dir='ltr'><strong>ut</strong></span> <span class='ocrx_word' id='word_1_408' title='bbox 1712 2672 1736 2721; x_wconf 92' lang='lat' dir='ltr'><strong>iu</strong></span> <span class='ocrx_word' id='word_1_409' title='bbox 1756 2671 1842 2722; x_wconf 85' lang='lat' dir='ltr'><strong>animo</strong></span> 
     </span>
     <span class='ocr_line' id='line_1_27' title="bbox 236 2742 1843 2833; baseline -0.002 -21"><span class='ocrx_word' id='word_1_410' title='bbox 236 2753 353 2832; x_wconf 82' lang='grc' dir='ltr'>ἀνάγκη,</span> <span class='ocrx_word' id='word_1_411' title='bbox 364 2751 423 2833; x_wconf 75' lang='grc' dir='ltr'>ἔφη.</span> <span class='ocrx_word' id='word_1_412' title='bbox 464 2755 576 2824; x_wconf 80' lang='grc' dir='ltr'>Οὐκοῦν,</span> <span class='ocrx_word' id='word_1_413' title='bbox 590 2742 621 2823; x_wconf 75' lang='grc' dir='ltr'>ἧν</span> <span class='ocrx_word' id='word_1_414' title='bbox 634 2752 657 2809; x_wconf 81' lang='grc' dir='ltr'><strong>δ’</strong></span> <span class='ocrx_word' id='word_1_415' title='bbox 672 2749 739 2828; x_wconf 90' lang='grc' dir='ltr'>ἐγὼ,</span> <span class='ocrx_word' id='word_1_416' title='bbox 754 2751 813 2810; x_wconf 79' lang='grc' dir='ltr'>ὅτου</span> <span class='ocrx_word' id='word_1_417' title='bbox 828 2750 859 2810; x_wconf 75' lang='grc' dir='ltr'>ἂν</span> <span class='ocrx_word' id='word_1_418' title='bbox 875 2749 1009 2833; x_wconf 80' lang='grc' dir='ltr'>ξυμπίπτῃ</span> <span class='ocrx_word' id='word_1_419' title='bbox 1023 2751 1149 2826; x_wconf 87' lang='lat' dir='ltr'><strong>dpulcbri</strong></span> <span class='ocrx_word' id='word_1_420' title='bbox 1158 2777 1235 2813; x_wconf 91' lang='lat' dir='ltr'><strong>mores</strong></span> <span class='ocrx_word' id='word_1_421' title='bbox 1247 2763 1321 2812; x_wconf 85' lang='lat' dir='ltr'><strong>insint</strong></span> <span class='ocrx_word' id='word_1_422' title='bbox 1330 2764 1355 2812; x_wconf 92' lang='lat' dir='ltr'><strong>et</strong></span> <span class='ocrx_word' id='word_1_423' title='bbox 1372 2764 1397 2811; x_wconf 95' lang='lat' dir='ltr'><strong>in</strong></span> <span class='ocrx_word' id='word_1_424' title='bbox 1411 2763 1518 2824; x_wconf 89' lang='lat' dir='ltr'><strong>corporis</strong></span> <span class='ocrx_word' id='word_1_425' title='bbox 1529 2763 1608 2826; x_wconf 90' lang='lat' dir='ltr'><strong>specie</strong></span> <span class='ocrx_word' id='word_1_426' title='bbox 1620 2762 1667 2811; x_wconf 89' lang='lat' dir='ltr'><strong>illis</strong></span> <span class='ocrx_word' id='word_1_427' title='bbox 1689 2761 1783 2823; x_wconf 80' lang='lat' dir='ltr'><strong>singula</strong></span> <span class='ocrx_word' id='word_1_428' title='bbox 1806 2774 1843 2810; x_wconf 85' lang='lat' dir='ltr'><strong>re·</strong></span> 
     </span>
     <span class='ocr_line' id='line_1_28' title="bbox 234 2836 1840 2922; baseline -0.001 -24"><span class='ocrx_word' id='word_1_429' title='bbox 234 2841 260 2900; x_wconf 84' lang='grc' dir='ltr'>έν</span> <span class='ocrx_word' id='word_1_430' title='bbox 274 2863 302 2899; x_wconf 89' lang='grc' dir='ltr'><strong>τε</strong></span> <span class='ocrx_word' id='word_1_431' title='bbox 318 2846 351 2920; x_wconf 84' lang='grc' dir='ltr'>τῇ</span> <span class='ocrx_word' id='word_1_432' title='bbox 362 2843 435 2922; x_wconf 80' lang='grc' dir='ltr'>ψυχῇ</span> <span class='ocrx_word' id='word_1_433' title='bbox 447 2837 516 2898; x_wconf 83' lang='grc' dir='ltr'>καλδι</span> <span class='ocrx_word' id='word_1_434' title='bbox 531 2838 580 2910; x_wconf 75' lang='grc' dir='ltr'>ἤθη</span> <span class='ocrx_word' id='word_1_435' title='bbox 596 2837 685 2898; x_wconf 82' lang='grc' dir='ltr'>ἐνόντα</span> <span class='ocrx_word' id='word_1_436' title='bbox 697 2836 742 2896; x_wconf 79' lang='grc' dir='ltr'><strong>καί</strong></span> <span class='ocrx_word' id='word_1_437' title='bbox 752 2841 778 2896; x_wconf 88' lang='grc' dir='ltr'>ἐν</span> <span class='ocrx_word' id='word_1_438' title='bbox 792 2842 831 2918; x_wconf 83' lang='grc' dir='ltr'>τῷ</span> <span class='ocrx_word' id='word_1_439' title='bbox 846 2839 907 2898; x_wconf 82' lang='grc' dir='ltr'>εἴδει</span> <span class='ocrx_word' id='word_1_440' title='bbox 917 2841 1010 2916; x_wconf 85' lang='grc' dir='ltr'>ὁμολο-</span> <span class='ocrx_word' id='word_1_441' title='bbox 1055 2851 1187 2914; x_wconf 85' lang='lat' dir='ltr'><strong>spondeant</strong></span> <span class='ocrx_word' id='word_1_442' title='bbox 1202 2852 1399 2914; x_wconf 82' lang='lat' dir='ltr'><strong>consentiantque</strong></span> <span class='ocrx_word' id='word_1_443' title='bbox 1412 2851 1443 2900; x_wconf 88' lang='lat' dir='ltr'><strong>ad</strong></span> <span class='ocrx_word' id='word_1_444' title='bbox 1459 2851 1558 2901; x_wconf 87' lang='lat' dir='ltr'><strong>eandem</strong></span> <span class='ocrx_word' id='word_1_445' title='bbox 1571 2851 1671 2899; x_wconf 84' lang='lat' dir='ltr'><strong>turmam</strong></span> <span class='ocrx_word' id='word_1_446' title='bbox 1683 2851 1840 2912; x_wconf 86' lang='lat' dir='ltr'><strong>comparata,</strong></span> 
     </span>
     <span class='ocr_line' id='line_1_29' title="bbox 233 2925 1840 3008; baseline -0.002 -20"><span class='ocrx_word' id='word_1_447' title='bbox 233 2935 327 3007; x_wconf 83' lang='grc' dir='ltr'>γοῶντα</span> <span class='ocrx_word' id='word_1_448' title='bbox 337 2928 442 2994; x_wconf 86' lang='grc' dir='ltr'>ἐκείνοις</span> <span class='ocrx_word' id='word_1_449' title='bbox 452 2926 497 2985; x_wconf 80' lang='grc' dir='ltr'><strong>καί</strong></span> <span class='ocrx_word' id='word_1_450' title='bbox 507 2925 706 3007; x_wconf 79' lang='grc' dir='ltr'>ξυμρωνοῶντα,</span> <span class='ocrx_word' id='word_1_451' title='bbox 718 2933 763 2985; x_wconf 75' lang='grc' dir='ltr'><strong>τοῦ</strong></span> <span class='ocrx_word' id='word_1_452' title='bbox 774 2930 853 2985; x_wconf 80' lang='grc' dir='ltr'>αὐτοῦ</span> <span class='ocrx_word' id='word_1_453' title='bbox 864 2927 1010 3008; x_wconf 80' lang='grc' dir='ltr'>μετέχοντα</span> <span class='ocrx_word' id='word_1_454' title='bbox 1056 2954 1135 2990; x_wconf 89' lang='lat' dir='ltr'><strong>nonne</strong></span> <span class='ocrx_word' id='word_1_455' title='bbox 1149 2940 1334 3003; x_wconf 84' lang='lat' dir='ltr'><strong>pulcherrimum</strong></span> <span class='ocrx_word' id='word_1_456' title='bbox 1355 2939 1400 2988; x_wconf 88' lang='lat' dir='ltr'><strong>buc</strong></span> <span class='ocrx_word' id='word_1_457' title='bbox 1424 2938 1470 2988; x_wconf 89' lang='lat' dir='ltr'><strong>erit</strong></span> <span class='ocrx_word' id='word_1_458' title='bbox 1488 2938 1525 2996; x_wconf 89' lang='lat' dir='ltr'><strong>ei,</strong></span> <span class='ocrx_word' id='word_1_459' title='bbox 1544 2937 1586 2999; x_wconf 90' lang='lat' dir='ltr'><strong>qni</strong></span> <span class='ocrx_word' id='word_1_460' title='bbox 1603 2937 1720 2998; x_wconf 84' lang='lat' dir='ltr'><strong>inspicere</strong></span> <span class='ocrx_word' id='word_1_461' title='bbox 1744 2936 1840 2998; x_wconf 83' lang='lat' dir='ltr'><strong>possit,</strong></span> 
     </span>
     <span class='ocr_line' id='line_1_30' title="bbox 232 3013 1840 3098; baseline -0.002 -22"><span class='ocrx_word' id='word_1_462' title='bbox 232 3018 330 3091; x_wconf 87' lang='grc' dir='ltr'>τύπου,</span> <span class='ocrx_word' id='word_1_463' title='bbox 351 3016 420 3075; x_wconf 78' lang='grc' dir='ltr'>τοῦτ’</span> <span class='ocrx_word' id='word_1_464' title='bbox 442 3014 473 3073; x_wconf 80' lang='grc' dir='ltr'>ἂν</span> <span class='ocrx_word' id='word_1_465' title='bbox 490 3013 529 3088; x_wconf 77' lang='grc' dir='ltr'><strong>εἴη</strong></span> <span class='ocrx_word' id='word_1_466' title='bbox 545 3014 684 3074; x_wconf 89' lang='grc' dir='ltr'>κάλλιστον</span> <span class='ocrx_word' id='word_1_467' title='bbox 708 3015 794 3092; x_wconf 87' lang='grc' dir='ltr'>θέαμα</span> <span class='ocrx_word' id='word_1_468' title='bbox 822 3020 860 3097; x_wconf 77' lang='grc' dir='ltr'>τῷ</span> <span class='ocrx_word' id='word_1_469' title='bbox 874 3015 1010 3098; x_wconf 84' lang='grc' dir='ltr'>δυναμένῳ</span> <span class='ocrx_word' id='word_1_470' title='bbox 1056 3029 1236 3092; x_wconf 83' lang='lat' dir='ltr'><strong>spectaculum?</strong></span> <span class='ocrx_word' id='word_1_471' title='bbox 1257 3027 1316 3093; x_wconf 76' lang='lat' dir='ltr'><strong>[cn]</strong></span> <span class='ocrx_word' id='word_1_472' title='bbox 1340 3027 1415 3076; x_wconf 84' lang='lat' dir='ltr'><strong>Valde</strong></span> <span class='ocrx_word' id='word_1_473' title='bbox 1440 3025 1546 3089; x_wconf 86' lang='lat' dir='ltr'><strong>quidem.</strong></span> <span class='ocrx_word' id='word_1_474' title='bbox 1574 3023 1663 3088; x_wconf 76' lang='lat' dir='ltr'><strong>[soca]</strong></span> <span class='ocrx_word' id='word_1_475' title='bbox 1679 3023 1753 3086; x_wconf 76' lang='lat' dir='ltr'><strong>Atqui</strong></span> <span class='ocrx_word' id='word_1_476' title='bbox 1770 3023 1840 3087; x_wconf 86' lang='lat' dir='ltr'><strong>quod</strong></span> 
     </span>
     <span class='ocr_line' id='line_1_31' title="bbox 195 3102 1838 3188; baseline -0.004 -21"><span class='ocrx_word' id='word_1_477' title='bbox 195 3125 221 3167; x_wconf 81' lang='lat' dir='ltr'><strong>ao</strong></span> <span class='ocrx_word' id='word_1_478' title='bbox 233 3111 354 3178; x_wconf 75' lang='grc' dir='ltr'>θεᾶσθαι,</span> <span class='ocrx_word' id='word_1_479' title='bbox 370 3103 444 3167; x_wconf 91' lang='grc' dir='ltr'>Πολύ</span> <span class='ocrx_word' id='word_1_480' title='bbox 464 3129 504 3184; x_wconf 91' lang='grc' dir='ltr'><strong>γε.</strong></span> <span class='ocrx_word' id='word_1_481' title='bbox 547 3102 601 3164; x_wconf 81' lang='lat' dir='ltr'><strong>Kal</strong></span> <span class='ocrx_word' id='word_1_482' title='bbox 625 3103 676 3180; x_wconf 87' lang='grc' dir='ltr'><strong>μὴν</strong></span> <span class='ocrx_word' id='word_1_483' title='bbox 696 3103 726 3164; x_wconf 91' lang='grc' dir='ltr'>τό</span> <span class='ocrx_word' id='word_1_484' title='bbox 742 3128 771 3181; x_wconf 87' lang='grc' dir='ltr'><strong>γε</strong></span> <span class='ocrx_word' id='word_1_485' title='bbox 791 3105 930 3164; x_wconf 89' lang='grc' dir='ltr'>κάλλιστον</span> <span class='ocrx_word' id='word_1_486' title='bbox 948 3109 1008 3188; x_wconf 85' lang='grc' dir='ltr'>ἐρα·</span> <span class='ocrx_word' id='word_1_487' title='bbox 1053 3119 1158 3168; x_wconf 78' lang='lat' dir='ltr'><strong>inanime</strong></span> <span class='ocrx_word' id='word_1_488' title='bbox 1169 3118 1312 3180; x_wconf 84' lang='lat' dir='ltr'><strong>pulchrum,</strong></span> <span class='ocrx_word' id='word_1_489' title='bbox 1325 3115 1389 3166; x_wconf 88' lang='lat' dir='ltr'><strong>idem</strong></span> <span class='ocrx_word' id='word_1_490' title='bbox 1399 3114 1501 3164; x_wconf 87' lang='lat' dir='ltr'><strong>amabile</strong></span> <span class='ocrx_word' id='word_1_491' title='bbox 1512 3113 1623 3162; x_wconf 85' lang='lat' dir='ltr'><strong>maxime.</strong></span> <span class='ocrx_word' id='word_1_492' title='bbox 1640 3112 1700 3176; x_wconf 76' lang='lat' dir='ltr'><strong>[cn]</strong></span> <span class='ocrx_word' id='word_1_493' title='bbox 1718 3115 1838 3164; x_wconf 86' lang='lat' dir='ltr'><strong>Prorsus.</strong></span> 
     </span>
     <span class='ocr_line' id='line_1_32' title="bbox 233 3191 1839 3274; baseline -0.002 -20"><span class='ocrx_word' id='word_1_494' title='bbox 233 3195 389 3273; x_wconf 80' lang='grc' dir='ltr'>σμιύιτατον.</span> <span class='ocrx_word' id='word_1_495' title='bbox 431 3196 492 3262; x_wconf 91' lang='grc' dir='ltr'><strong>Πῶς</strong></span> <span class='ocrx_word' id='word_1_496' title='bbox 506 3194 528 3252; x_wconf 88' lang='grc' dir='ltr'><strong>δ’</strong></span> <span class='ocrx_word' id='word_1_497' title='bbox 543 3191 586 3266; x_wconf 68' lang='grc' dir='ltr'>ού,</span> <span class='ocrx_word' id='word_1_498' title='bbox 605 3195 667 3252; x_wconf 84' lang='grc' dir='ltr'>Τῶν</span> <span class='ocrx_word' id='word_1_499' title='bbox 682 3192 713 3264; x_wconf 77' lang='grc' dir='ltr'><strong>δὴ</strong></span> <span class='ocrx_word' id='word_1_500' title='bbox 732 3191 771 3251; x_wconf 82' lang='grc' dir='ltr'><strong>ότι</strong></span> <span class='ocrx_word' id='word_1_501' title='bbox 792 3193 908 3270; x_wconf 89' lang='grc' dir='ltr'>μάλιστα</span> <span class='ocrx_word' id='word_1_502' title='bbox 925 3194 1010 3254; x_wconf 90' lang='grc' dir='ltr'>τοιού·</span> <span class='ocrx_word' id='word_1_503' title='bbox 1053 3205 1141 3270; x_wconf 78' lang='lat' dir='ltr'><strong>[soca]</strong></span> <span class='ocrx_word' id='word_1_504' title='bbox 1153 3207 1257 3256; x_wconf 81' lang='lat' dir='ltr'><strong>Maxime</strong></span> <span class='ocrx_word' id='word_1_505' title='bbox 1273 3207 1333 3255; x_wconf 86' lang='lat' dir='ltr'><strong>tales</strong></span> <span class='ocrx_word' id='word_1_506' title='bbox 1345 3205 1416 3266; x_wconf 77' lang='lat' dir='ltr'><strong>igitur</strong></span> <span class='ocrx_word' id='word_1_507' title='bbox 1432 3203 1541 3252; x_wconf 88' lang='lat' dir='ltr'><strong>immines</strong></span> <span class='ocrx_word' id='word_1_508' title='bbox 1552 3202 1590 3274; x_wconf 73' lang='lat' dir='ltr'><strong>uir</strong></span> <span class='ocrx_word' id='word_1_509' title='bbox 1604 3202 1712 3251; x_wconf 90' lang='lat' dir='ltr'><strong>musicus</strong></span> <span class='ocrx_word' id='word_1_510' title='bbox 1728 3201 1839 3260; x_wconf 86' lang='lat' dir='ltr'><strong>amabit,</strong></span> 
     </span>
     <span class='ocr_line' id='line_1_33' title="bbox 232 3280 1839 3366; baseline -0.004 -23"><span class='ocrx_word' id='word_1_511' title='bbox 232 3308 283 3344; x_wconf 92' lang='grc' dir='ltr'><strong>των</strong></span> <span class='ocrx_word' id='word_1_512' title='bbox 296 3283 437 3366; x_wconf 81' lang='grc' dir='ltr'>ἀνθρώπων</span> <span class='ocrx_word' id='word_1_513' title='bbox 449 3283 465 3342; x_wconf 81' lang='grc' dir='ltr'>ὅ</span> <span class='ocrx_word' id='word_1_514' title='bbox 478 3307 507 3361; x_wconf 91' lang='grc' dir='ltr'><strong>γε</strong></span> <span class='ocrx_word' id='word_1_515' title='bbox 523 3281 645 3358; x_wconf 79' lang='grc' dir='ltr'>μουσικὸς</span> <span class='ocrx_word' id='word_1_516' title='bbox 660 3280 727 3363; x_wconf 84' lang='grc' dir='ltr'>ἐρῴη</span> <span class='ocrx_word' id='word_1_517' title='bbox 743 3282 787 3340; x_wconf 85' lang='grc' dir='ltr'>ἄν·</span> <span class='ocrx_word' id='word_1_518' title='bbox 801 3285 824 3340; x_wconf 83' lang='grc' dir='ltr'><strong>εί</strong></span> <span class='ocrx_word' id='word_1_519' title='bbox 843 3281 870 3340; x_wconf 82' lang='grc' dir='ltr'><strong>δὲ</strong></span> <span class='ocrx_word' id='word_1_520' title='bbox 885 3283 1009 3366; x_wconf 81' lang='grc' dir='ltr'>ἀξύμρω-</span> <span class='ocrx_word' id='word_1_521' title='bbox 1053 3295 1177 3344; x_wconf 82' lang='lat' dir='ltr'><strong>dissonum</strong></span> <span class='ocrx_word' id='word_1_522' title='bbox 1198 3307 1255 3342; x_wconf 86' lang='lat' dir='ltr'><strong>vero</strong></span> <span class='ocrx_word' id='word_1_523' title='bbox 1274 3307 1321 3342; x_wconf 92' lang='lat' dir='ltr'><strong>non</strong></span> <span class='ocrx_word' id='word_1_524' title='bbox 1339 3291 1438 3342; x_wconf 90' lang='lat' dir='ltr'><strong>amabit.</strong></span> <span class='ocrx_word' id='word_1_525' title='bbox 1455 3289 1514 3355; x_wconf 67' lang='lat' dir='ltr'><strong>[aa]</strong></span> <span class='ocrx_word' id='word_1_526' title='bbox 1534 3293 1586 3340; x_wconf 87' lang='lat' dir='ltr'><strong>Noa</strong></span> <span class='ocrx_word' id='word_1_527' title='bbox 1605 3293 1682 3350; x_wconf 81' lang='lat' dir='ltr'><strong>certe,</strong></span> <span class='ocrx_word' id='word_1_528' title='bbox 1701 3288 1795 3350; x_wconf 84' lang='lat' dir='ltr'><strong>inquit,</strong></span> <span class='ocrx_word' id='word_1_529' title='bbox 1818 3288 1839 3337; x_wconf 90' lang='lat' dir='ltr'><strong>si</strong></span> 
     </span>
     <span class='ocr_line' id='line_1_34' title="bbox 231 3368 1837 3454; baseline -0.005 -22"><span class='ocrx_word' id='word_1_530' title='bbox 231 3373 401 3446; x_wconf 80' lang='grc' dir='ltr'>νοςεῖη,ούκ</span> <span class='ocrx_word' id='word_1_531' title='bbox 427 3371 550 3454; x_wconf 77' lang='grc' dir='ltr'>άνέρῴη.</span> <span class='ocrx_word' id='word_1_532' title='bbox 593 3373 651 3432; x_wconf 78' lang='lat' dir='ltr'><strong>ota</strong></span> <span class='ocrx_word' id='word_1_533' title='bbox 667 3368 786 3448; x_wconf 74' lang='grc' dir='ltr'>θηείγέ</span> <span class='ocrx_word' id='word_1_534' title='bbox 801 3394 841 3444; x_wconf 91' lang='grc' dir='ltr'><strong>τι,</strong></span> <span class='ocrx_word' id='word_1_535' title='bbox 862 3371 923 3452; x_wconf 74' lang='grc' dir='ltr'>ἔφη,</span> <span class='ocrx_word' id='word_1_536' title='bbox 940 3373 1007 3433; x_wconf 83' lang='grc' dir='ltr'>κατὰ</span> <span class='ocrx_word' id='word_1_537' title='bbox 1053 3382 1243 3432; x_wconf 86' lang='lat' dir='ltr'><strong>dcieetnsanimi</strong></span> <span class='ocrx_word' id='word_1_538' title='bbox 1259 3383 1308 3430; x_wconf 85' lang='lat' dir='ltr'><strong>sit:</strong></span> <span class='ocrx_word' id='word_1_539' title='bbox 1325 3380 1417 3444; x_wconf 85' lang='lat' dir='ltr'><strong>siquid</strong></span> <span class='ocrx_word' id='word_1_540' title='bbox 1432 3393 1489 3430; x_wconf 76' lang='lat' dir='ltr'><strong>seru</strong></span> <span class='ocrx_word' id='word_1_541' title='bbox 1509 3378 1602 3441; x_wconf 87' lang='lat' dir='ltr'><strong>corpori</strong></span> <span class='ocrx_word' id='word_1_542' title='bbox 1619 3377 1694 3436; x_wconf 88' lang='lat' dir='ltr'><strong>desit,</strong></span> <span class='ocrx_word' id='word_1_543' title='bbox 1709 3375 1837 3436; x_wconf 82' lang='lat' dir='ltr'><strong>tolerabit,</strong></span> 
     </span>
     <span class='ocr_line' id='line_1_35' title="bbox 231 3457 1839 3543; baseline -0.004 -23"><span class='ocrx_word' id='word_1_544' title='bbox 231 3460 278 3532; x_wconf 82' lang='grc' dir='ltr'><strong>τὴν</strong></span> <span class='ocrx_word' id='word_1_545' title='bbox 291 3461 377 3543; x_wconf 76' lang='grc' dir='ltr'>ψυχὴν</span> <span class='ocrx_word' id='word_1_546' title='bbox 391 3459 518 3520; x_wconf 88' lang='grc' dir='ltr'>ἐλλείποι·</span> <span class='ocrx_word' id='word_1_547' title='bbox 535 3463 557 3519; x_wconf 82' lang='grc' dir='ltr'><strong>εί</strong></span> <span class='ocrx_word' id='word_1_548' title='bbox 572 3458 660 3538; x_wconf 90' lang='grc' dir='ltr'>μέντοι</span> <span class='ocrx_word' id='word_1_549' title='bbox 672 3482 698 3516; x_wconf 93' lang='grc' dir='ltr'><strong>τι</strong></span> <span class='ocrx_word' id='word_1_550' title='bbox 712 3457 781 3517; x_wconf 79' lang='grc' dir='ltr'>κατὰ</span> <span class='ocrx_word' id='word_1_551' title='bbox 794 3459 824 3518; x_wconf 82' lang='grc' dir='ltr'>τὸ</span> <span class='ocrx_word' id='word_1_552' title='bbox 832 3463 927 3537; x_wconf 85' lang='grc' dir='ltr'>σῶμα,</span> <span class='ocrx_word' id='word_1_553' title='bbox 942 3465 1006 3522; x_wconf 82' lang='grc' dir='ltr'>ὑπο·</span> <span class='ocrx_word' id='word_1_554' title='bbox 1053 3475 1080 3521; x_wconf 90' lang='lat' dir='ltr'><strong>nt</strong></span> <span class='ocrx_word' id='word_1_555' title='bbox 1090 3471 1188 3532; x_wconf 75' lang='lat' dir='ltr'><strong>diligere</strong></span> <span class='ocrx_word' id='word_1_556' title='bbox 1205 3470 1269 3520; x_wconf 78' lang='lat' dir='ltr'><strong>velit.</strong></span> <span class='ocrx_word' id='word_1_557' title='bbox 1280 3469 1368 3533; x_wconf 77' lang='lat' dir='ltr'><strong>[soca]</strong></span> <span class='ocrx_word' id='word_1_558' title='bbox 1380 3469 1501 3530; x_wconf 77' lang='lat' dir='ltr'><strong>intelligo,</strong></span> <span class='ocrx_word' id='word_1_559' title='bbox 1516 3467 1613 3530; x_wconf 85' lang='lat' dir='ltr'><strong>inquam</strong></span> <span class='ocrx_word' id='word_1_560' title='bbox 1632 3481 1638 3514; x_wconf 92' lang='lat'><strong>:</strong></span> <span class='ocrx_word' id='word_1_561' title='bbox 1652 3465 1712 3514; x_wconf 88' lang='lat' dir='ltr'><strong>tales</strong></span> <span class='ocrx_word' id='word_1_562' title='bbox 1726 3464 1766 3514; x_wconf 87' lang='lat' dir='ltr'><strong>rel</strong></span> <span class='ocrx_word' id='word_1_563' title='bbox 1778 3468 1839 3514; x_wconf 87' lang='lat' dir='ltr'><strong>sunt</strong></span> 
     </span>
     <span class='ocr_line' id='line_1_36' title="bbox 194 3547 1838 3626; baseline -0.003 -19"><span class='ocrx_word' id='word_1_564' title='bbox 194 3569 220 3607; x_wconf 77' lang='grc' dir='ltr'>3ο</span> <span class='ocrx_word' id='word_1_565' title='bbox 233 3551 341 3626; x_wconf 84' lang='grc' dir='ltr'>μείνειεν</span> <span class='ocrx_word' id='word_1_566' title='bbox 367 3550 397 3610; x_wconf 72' lang='grc' dir='ltr'>ἂν</span> <span class='ocrx_word' id='word_1_567' title='bbox 422 3547 483 3608; x_wconf 77' lang='grc' dir='ltr'>ὥστ’</span> <span class='ocrx_word' id='word_1_568' title='bbox 508 3548 605 3608; x_wconf 81' lang='grc' dir='ltr'>ἐθέλειν</span> <span class='ocrx_word' id='word_1_569' title='bbox 631 3547 802 3616; x_wconf 83' lang='grc' dir='ltr'>ἀσπάζεσθαι.</span> <span class='ocrx_word' id='word_1_570' title='bbox 856 3549 1037 3626; x_wconf 70' lang='grc' dir='ltr'>Μανθάνω,θ</span> <span class='ocrx_word' id='word_1_571' title='bbox 1055 3561 1096 3610; x_wconf 88' lang='lat' dir='ltr'><strong>libi</strong></span> <span class='ocrx_word' id='word_1_572' title='bbox 1116 3561 1154 3608; x_wconf 83' lang='lat' dir='ltr'><strong>rel</strong></span> <span class='ocrx_word' id='word_1_573' title='bbox 1172 3561 1266 3608; x_wconf 87' lang='lat' dir='ltr'><strong>incrnnt</strong></span> <span class='ocrx_word' id='word_1_574' title='bbox 1286 3570 1392 3620; x_wconf 84' lang='lat' dir='ltr'><strong>amores;</strong></span> <span class='ocrx_word' id='word_1_575' title='bbox 1417 3562 1488 3619; x_wconf 87' lang='lat' dir='ltr'><strong>atque</strong></span> <span class='ocrx_word' id='word_1_576' title='bbox 1504 3555 1630 3605; x_wconf 81' lang='lat' dir='ltr'><strong>assentior.</strong></span> <span class='ocrx_word' id='word_1_577' title='bbox 1649 3553 1690 3602; x_wconf 86' lang='lat' dir='ltr'><strong>sed</strong></span> <span class='ocrx_word' id='word_1_578' title='bbox 1711 3553 1757 3602; x_wconf 87' lang='lat' dir='ltr'><strong>boc</strong></span> <span class='ocrx_word' id='word_1_579' title='bbox 1774 3553 1838 3602; x_wconf 80' lang='lat' dir='ltr'><strong>milri</strong></span> 
     </span>
     <span class='ocr_line' id='line_1_37' title="bbox 231 3631 1839 3716; baseline -0.004 -18"><span class='ocrx_word' id='word_1_580' title='bbox 231 3631 263 3711; x_wconf 66' lang='grc' dir='ltr'>ἦν</span> <span class='ocrx_word' id='word_1_581' title='bbox 278 3639 300 3698; x_wconf 92' lang='grc' dir='ltr'><strong>δ’</strong></span> <span class='ocrx_word' id='word_1_582' title='bbox 324 3637 389 3716; x_wconf 86' lang='grc' dir='ltr'>ἐγὼ·</span> <span class='ocrx_word' id='word_1_583' title='bbox 406 3637 445 3696; x_wconf 84' lang='grc' dir='ltr'><strong>ὅτι</strong></span> <span class='ocrx_word' id='word_1_584' title='bbox 468 3635 523 3695; x_wconf 85' lang='grc' dir='ltr'>ἔστι</span> <span class='ocrx_word' id='word_1_585' title='bbox 549 3659 589 3696; x_wconf 93' lang='grc' dir='ltr'><strong>σοι</strong></span> <span class='ocrx_word' id='word_1_586' title='bbox 613 3635 734 3715; x_wconf 78' lang='grc' dir='ltr'>ἢγέγονε</span> <span class='ocrx_word' id='word_1_587' title='bbox 755 3635 865 3696; x_wconf 76' lang='grc' dir='ltr'>παιδικά</span> <span class='ocrx_word' id='word_1_588' title='bbox 884 3643 1007 3696; x_wconf 84' lang='grc' dir='ltr'>τοιαῦτα·</span> <span class='ocrx_word' id='word_1_589' title='bbox 1053 3649 1118 3702; x_wconf 85' lang='lat' dir='ltr'><strong>dicas</strong></span> <span class='ocrx_word' id='word_1_590' title='bbox 1140 3663 1146 3696; x_wconf 91' lang='lat'><strong>:</strong></span> <span class='ocrx_word' id='word_1_591' title='bbox 1170 3651 1236 3697; x_wconf 88' lang='lat' dir='ltr'><strong>estne</strong></span> <span class='ocrx_word' id='word_1_592' title='bbox 1257 3647 1331 3696; x_wconf 90' lang='lat' dir='ltr'><strong>ullum</strong></span> <span class='ocrx_word' id='word_1_593' title='bbox 1352 3645 1515 3708; x_wconf 84' lang='lat' dir='ltr'><strong>temperantiae</strong></span> <span class='ocrx_word' id='word_1_594' title='bbox 1537 3656 1592 3693; x_wconf 90' lang='lat' dir='ltr'><strong>cum</strong></span> <span class='ocrx_word' id='word_1_595' title='bbox 1613 3642 1687 3692; x_wconf 88' lang='lat' dir='ltr'><strong>nimia</strong></span> <span class='ocrx_word' id='word_1_596' title='bbox 1708 3642 1839 3704; x_wconf 82' lang='lat' dir='ltr'><strong>voluptate</strong></span> 
     </span>
     <span class='ocr_line' id='line_1_38' title="bbox 231 3724 1837 3807; baseline -0.007 -21"><span class='ocrx_word' id='word_1_597' title='bbox 231 3727 276 3786; x_wconf 83' lang='lat' dir='ltr'><strong>aui</strong></span> <span class='ocrx_word' id='word_1_598' title='bbox 290 3730 426 3806; x_wconf 85' lang='grc' dir='ltr'>συγχωρῶ.</span> <span class='ocrx_word' id='word_1_599' title='bbox 468 3724 536 3784; x_wconf 77' lang='grc' dir='ltr'>ἀλλά</span> <span class='ocrx_word' id='word_1_600' title='bbox 555 3725 613 3784; x_wconf 90' lang='grc' dir='ltr'>τόδε</span> <span class='ocrx_word' id='word_1_601' title='bbox 632 3748 677 3802; x_wconf 90' lang='grc' dir='ltr'><strong>μοι</strong></span> <span class='ocrx_word' id='word_1_602' title='bbox 696 3724 766 3784; x_wconf 85' lang='grc' dir='ltr'>εἶπέ·</span> <span class='ocrx_word' id='word_1_603' title='bbox 789 3724 942 3807; x_wconf 78' lang='grc' dir='ltr'>σωφροσύνῃ</span> <span class='ocrx_word' id='word_1_604' title='bbox 962 3725 1006 3784; x_wconf 83' lang='grc' dir='ltr'><strong>καὶ</strong></span> <span class='ocrx_word' id='word_1_605' title='bbox 1050 3734 1234 3783; x_wconf 80' lang='lat' dir='ltr'><strong>commercium?</strong></span> <span class='ocrx_word' id='word_1_606' title='bbox 1252 3732 1312 3796; x_wconf 72' lang='lat' dir='ltr'><strong>[cn]</strong></span> <span class='ocrx_word' id='word_1_607' title='bbox 1325 3731 1372 3790; x_wconf 85' lang='lat' dir='ltr'><strong>Qui</strong></span> <span class='ocrx_word' id='word_1_608' title='bbox 1388 3730 1477 3792; x_wconf 88' lang='lat' dir='ltr'><strong>possit,</strong></span> <span class='ocrx_word' id='word_1_609' title='bbox 1495 3729 1585 3791; x_wconf 79' lang='lat' dir='ltr'><strong>iuquit,</strong></span> <span class='ocrx_word' id='word_1_610' title='bbox 1600 3741 1655 3791; x_wconf 88' lang='lat' dir='ltr'><strong>qnae</strong></span> <span class='ocrx_word' id='word_1_611' title='bbox 1672 3727 1837 3786; x_wconf 83' lang='lat' dir='ltr'><strong>nouminus,</strong></span> 
     </span>
     <span class='ocr_line' id='line_1_39' title="bbox 232 3813 1836 3893; baseline -0.004 -21"><span class='ocrx_word' id='word_1_612' title='bbox 232 3817 311 3893; x_wconf 73' lang='grc' dir='ltr'>ἡδονῇ</span> <span class='ocrx_word' id='word_1_613' title='bbox 323 3813 525 3893; x_wconf 76' lang='grc' dir='ltr'>ύπερύαλλούση</span> <span class='ocrx_word' id='word_1_614' title='bbox 536 3813 592 3872; x_wconf 87' lang='grc' dir='ltr'>ἔστι</span> <span class='ocrx_word' id='word_1_615' title='bbox 604 3837 642 3880; x_wconf 86' lang='grc' dir='ltr'><strong>τις</strong></span> <span class='ocrx_word' id='word_1_616' title='bbox 652 3813 787 3887; x_wconf 71' lang='grc' dir='ltr'>κοινωνίας</span> <span class='ocrx_word' id='word_1_617' title='bbox 801 3815 855 3874; x_wconf 83' lang='grc' dir='ltr'><strong>Καὶ</strong></span> <span class='ocrx_word' id='word_1_618' title='bbox 865 3818 933 3892; x_wconf 77' lang='grc' dir='ltr'>πῶς,</span> <span class='ocrx_word' id='word_1_619' title='bbox 946 3813 1006 3893; x_wconf 75' lang='grc' dir='ltr'>ἔφη,</span> <span class='ocrx_word' id='word_1_620' title='bbox 1051 3835 1122 3884; x_wconf 84' lang='lat' dir='ltr'><strong>qrram</strong></span> <span class='ocrx_word' id='word_1_621' title='bbox 1134 3822 1211 3880; x_wconf 83' lang='lat' dir='ltr'><strong>dolor,</strong></span> <span class='ocrx_word' id='word_1_622' title='bbox 1227 3823 1331 3869; x_wconf 89' lang='lat' dir='ltr'><strong>mentem</strong></span> <span class='ocrx_word' id='word_1_623' title='bbox 1346 3831 1416 3868; x_wconf 87' lang='lat' dir='ltr'><strong>esnu</strong></span> <span class='ocrx_word' id='word_1_624' title='bbox 1427 3819 1491 3867; x_wconf 87' lang='lat' dir='ltr'><strong>slata</strong></span> <span class='ocrx_word' id='word_1_625' title='bbox 1504 3817 1642 3866; x_wconf 78' lang='lat' dir='ltr'><strong>dimoveat?</strong></span> <span class='ocrx_word' id='word_1_626' title='bbox 1668 3814 1757 3878; x_wconf 75' lang='lat' dir='ltr'><strong>[scum]</strong></span> <span class='ocrx_word' id='word_1_627' title='bbox 1774 3815 1836 3866; x_wconf 82' lang='lat' dir='ltr'><strong>licii·</strong></span> 
     </span>
     <span class='ocr_line' id='line_1_40' title="bbox 232 3893 1835 3982; baseline -0.005 -22"><span class='ocrx_word' id='word_1_628' title='bbox 232 3902 249 3972; x_wconf 79' lang='grc' dir='ltr'>ἤ</span> <span class='ocrx_word' id='word_1_629' title='bbox 262 3925 291 3978; x_wconf 89' lang='grc' dir='ltr'><strong>γε</strong></span> <span class='ocrx_word' id='word_1_630' title='bbox 304 3902 414 3982; x_wconf 81' lang='grc' dir='ltr'>ἔκρρονα</span> <span class='ocrx_word' id='word_1_631' title='bbox 426 3909 495 3960; x_wconf 85' lang='grc' dir='ltr'>ποιεῖ</span> <span class='ocrx_word' id='word_1_632' title='bbox 509 3902 559 3979; x_wconf 76' lang='grc' dir='ltr'>οὐχ</span> <span class='ocrx_word' id='word_1_633' title='bbox 565 3893 655 3976; x_wconf 76' lang='grc' dir='ltr'>ἧττον,</span> <span class='ocrx_word' id='word_1_634' title='bbox 671 3899 688 3971; x_wconf 77' lang='grc' dir='ltr'>ἢ</span> <span class='ocrx_word' id='word_1_635' title='bbox 701 3901 771 3973; x_wconf 87' lang='grc' dir='ltr'>λύπη</span> <span class='ocrx_word' id='word_1_636' title='bbox 780 3923 788 3979; x_wconf 88' lang='lat'>;</span> <span class='ocrx_word' id='word_1_637' title='bbox 797 3900 921 3982; x_wconf 83' lang='grc' dir='ltr'>Ἀλλδιτῇ</span> <span class='ocrx_word' id='word_1_638' title='bbox 938 3903 1004 3982; x_wconf 79' lang='grc' dir='ltr'>ἄλλῃ</span> <span class='ocrx_word' id='word_1_639' title='bbox 1051 3923 1105 3972; x_wconf 84' lang='lat' dir='ltr'><strong>quae</strong></span> <span class='ocrx_word' id='word_1_640' title='bbox 1123 3923 1178 3958; x_wconf 84' lang='lat' dir='ltr'><strong>nero</strong></span> <span class='ocrx_word' id='word_1_641' title='bbox 1192 3910 1290 3958; x_wconf 82' lang='lat' dir='ltr'><strong>virtuti?</strong></span> <span class='ocrx_word' id='word_1_642' title='bbox 1311 3907 1369 3971; x_wconf 69' lang='lat' dir='ltr'><strong>[cn]</strong></span> <span class='ocrx_word' id='word_1_643' title='bbox 1384 3906 1490 3956; x_wconf 88' lang='lat' dir='ltr'><strong>illinime.</strong></span> <span class='ocrx_word' id='word_1_644' title='bbox 1503 3904 1591 3968; x_wconf 75' lang='lat' dir='ltr'><strong>[soen]</strong></span> <span class='ocrx_word' id='word_1_645' title='bbox 1603 3904 1667 3962; x_wconf 90' lang='lat' dir='ltr'><strong>Quid</strong></span> <span class='ocrx_word' id='word_1_646' title='bbox 1679 3907 1779 3954; x_wconf 84' lang='lat' dir='ltr'><strong>auteur?</strong></span> <span class='ocrx_word' id='word_1_647' title='bbox 1792 3918 1835 3967; x_wconf 89' lang='lat' dir='ltr'><strong>pe-</strong></span> 
     </span>
     <span class='ocr_line' id='line_1_41' title="bbox 181 3986 1833 4071; baseline -0.004 -25"><span class='ocrx_word' id='word_1_648' title='bbox 181 3991 330 4068; x_wconf 78' lang='grc' dir='ltr'>403άρετῇ;</span> <span class='ocrx_word' id='word_1_649' title='bbox 352 3990 490 4062; x_wconf 85' lang='grc' dir='ltr'>Οὐδαμῶς.</span> <span class='ocrx_word' id='word_1_650' title='bbox 532 3986 566 4047; x_wconf 86' lang='grc' dir='ltr'>Τί</span> <span class='ocrx_word' id='word_1_651' title='bbox 593 3987 637 4064; x_wconf 61' lang='grc' dir='ltr'><strong>δέη</strong></span> <span class='ocrx_word' id='word_1_652' title='bbox 652 3987 726 4068; x_wconf 72' lang='grc' dir='ltr'>θύραι</span> <span class='ocrx_word' id='word_1_653' title='bbox 741 4012 769 4047; x_wconf 92' lang='grc' dir='ltr'><strong>τε</strong></span> <span class='ocrx_word' id='word_1_654' title='bbox 794 3988 838 4048; x_wconf 87' lang='grc' dir='ltr'><strong>καὶ</strong></span> <span class='ocrx_word' id='word_1_655' title='bbox 860 3989 1006 4071; x_wconf 73' lang='grc' dir='ltr'>ἀκολασίας</span> <span class='ocrx_word' id='word_1_656' title='bbox 1020 4013 1038 4052; x_wconf 87' lang='lat' dir='ltr'><strong>a</strong></span> <span class='ocrx_word' id='word_1_657' title='bbox 1051 3991 1833 4059; x_wconf 70' lang='lat' dir='ltr'><strong>tutanuaearqueincontinentiaa[cx.]n1axrmeomnrum.[socn.]</strong></span> 
     </span>
     <span class='ocr_line' id='line_1_42' title="bbox 215 4067 1834 4158; baseline -0.005 -22"><span class='ocrx_word' id='word_1_658' title='bbox 215 4067 345 4136; x_wconf 86' lang='grc' dir='ltr'><strong>ΙΠάντων</strong></span> <span class='ocrx_word' id='word_1_659' title='bbox 363 4076 489 4152; x_wconf 89' lang='grc' dir='ltr'>μάλιστα.</span> <span class='ocrx_word' id='word_1_660' title='bbox 533 4075 622 4144; x_wconf 69' lang='lat' dir='ltr'><strong>Mattio</strong></span> <span class='ocrx_word' id='word_1_661' title='bbox 638 4074 665 4134; x_wconf 85' lang='grc' dir='ltr'><strong>δέ</strong></span> <span class='ocrx_word' id='word_1_662' title='bbox 679 4077 792 4137; x_wconf 83' lang='grc' dir='ltr'>τινακαὶ</span> <span class='ocrx_word' id='word_1_663' title='bbox 806 4077 927 4158; x_wconf 78' lang='grc' dir='ltr'>ὀξυτέραν</span> <span class='ocrx_word' id='word_1_664' title='bbox 939 4077 1007 4158; x_wconf 81' lang='grc' dir='ltr'>ἔχεις</span> <span class='ocrx_word' id='word_1_665' title='bbox 1051 4086 1162 4135; x_wconf 84' lang='lat' dir='ltr'><strong>Habesne</strong></span> <span class='ocrx_word' id='word_1_666' title='bbox 1176 4098 1232 4134; x_wconf 82' lang='lat' dir='ltr'><strong>nero</strong></span> <span class='ocrx_word' id='word_1_667' title='bbox 1243 4084 1357 4146; x_wconf 78' lang='lat' dir='ltr'><strong>maiorem</strong></span> <span class='ocrx_word' id='word_1_668' title='bbox 1370 4088 1394 4132; x_wconf 89' lang='lat' dir='ltr'><strong>et</strong></span> <span class='ocrx_word' id='word_1_669' title='bbox 1407 4082 1610 4132; x_wconf 82' lang='lat' dir='ltr'><strong>vehementiorem</strong></span> <span class='ocrx_word' id='word_1_670' title='bbox 1626 4080 1706 4130; x_wconf 85' lang='lat' dir='ltr'><strong>dicere</strong></span> <span class='ocrx_word' id='word_1_671' title='bbox 1723 4080 1834 4142; x_wconf 84' lang='lat' dir='ltr'><strong>vulupta-</strong></span> 
     </span>
     <span class='ocr_line' id='line_1_43' title="bbox 232 4159 1832 4246; baseline -0.004 -24"><span class='ocrx_word' id='word_1_672' title='bbox 232 4166 312 4222; x_wconf 80' lang='grc' dir='ltr'>εἰπεῖν</span> <span class='ocrx_word' id='word_1_673' title='bbox 323 4163 416 4236; x_wconf 77' lang='grc' dir='ltr'>ἡδονὴν</span> <span class='ocrx_word' id='word_1_674' title='bbox 435 4168 481 4234; x_wconf 81' lang='grc' dir='ltr'><strong>τῆς</strong></span> <span class='ocrx_word' id='word_1_675' title='bbox 492 4163 552 4243; x_wconf 80' lang='grc' dir='ltr'>περί</span> <span class='ocrx_word' id='word_1_676' title='bbox 568 4163 600 4222; x_wconf 72' lang='grc' dir='ltr'><strong>τί</strong></span> <span class='ocrx_word' id='word_1_677' title='bbox 616 4164 753 4244; x_wconf 76' lang='grc' dir='ltr'>ἀφροδίσια</span> <span class='ocrx_word' id='word_1_678' title='bbox 761 4190 769 4238; x_wconf 86' lang='grc'><strong>;</strong></span> <span class='ocrx_word' id='word_1_679' title='bbox 786 4168 845 4226; x_wconf 73' lang='lat' dir='ltr'><strong>Ota</strong></span> <span class='ocrx_word' id='word_1_680' title='bbox 866 4165 934 4246; x_wconf 85' lang='grc' dir='ltr'>ἔχω,</span> <span class='ocrx_word' id='word_1_681' title='bbox 956 4159 973 4239; x_wconf 74' lang='grc' dir='ltr'>ἦ</span> <span class='ocrx_word' id='word_1_682' title='bbox 985 4169 1007 4225; x_wconf 87' lang='grc' dir='ltr'><strong>δ’</strong></span> <span class='ocrx_word' id='word_1_683' title='bbox 1052 4179 1113 4233; x_wconf 87' lang='lat' dir='ltr'><strong>tem,</strong></span> <span class='ocrx_word' id='word_1_684' title='bbox 1126 4186 1197 4234; x_wconf 76' lang='lat' dir='ltr'><strong>utram</strong></span> <span class='ocrx_word' id='word_1_685' title='bbox 1210 4176 1352 4222; x_wconf 80' lang='lat' dir='ltr'><strong>veneream?</strong></span> <span class='ocrx_word' id='word_1_686' title='bbox 1364 4169 1424 4234; x_wconf 72' lang='lat' dir='ltr'><strong>[cn]</strong></span> <span class='ocrx_word' id='word_1_687' title='bbox 1434 4174 1486 4220; x_wconf 82' lang='lat' dir='ltr'><strong>lton</strong></span> <span class='ocrx_word' id='word_1_688' title='bbox 1499 4167 1692 4232; x_wconf 83' lang='lat' dir='ltr'><strong>babeo,iaqnit,</strong></span> <span class='ocrx_word' id='word_1_689' title='bbox 1702 4180 1783 4230; x_wconf 85' lang='lat' dir='ltr'><strong>neque</strong></span> <span class='ocrx_word' id='word_1_690' title='bbox 1794 4167 1832 4216; x_wconf 87' lang='lat' dir='ltr'><strong>lu·</strong></span> 
     </span>
     <span class='ocr_line' id='line_1_44' title="bbox 231 4249 1833 4334; baseline -0.004 -24"><span class='ocrx_word' id='word_1_691' title='bbox 231 4251 272 4325; x_wconf 87' lang='grc' dir='ltr'><strong>θς,</strong></span> <span class='ocrx_word' id='word_1_692' title='bbox 292 4250 351 4310; x_wconf 73' lang='lat' dir='ltr'><strong>usal</strong></span> <span class='ocrx_word' id='word_1_693' title='bbox 363 4275 393 4330; x_wconf 88' lang='grc' dir='ltr'><strong>γε</strong></span> <span class='ocrx_word' id='word_1_694' title='bbox 403 4250 593 4332; x_wconf 83' lang='grc' dir='ltr'>μανικωτέραν.</span> <span class='ocrx_word' id='word_1_695' title='bbox 635 4252 669 4313; x_wconf 86' lang='grc' dir='ltr'><strong>Ὁ</strong></span> <span class='ocrx_word' id='word_1_696' title='bbox 686 4251 713 4310; x_wconf 84' lang='grc' dir='ltr'><strong>δὲ</strong></span> <span class='ocrx_word' id='word_1_697' title='bbox 733 4251 805 4333; x_wconf 85' lang='grc' dir='ltr'>ὀρθὸς</span> <span class='ocrx_word' id='word_1_698' title='bbox 823 4251 887 4333; x_wconf 82' lang='grc' dir='ltr'>ἔρως</span> <span class='ocrx_word' id='word_1_699' title='bbox 906 4252 1006 4334; x_wconf 84' lang='grc' dir='ltr'>πέρυκε</span> <span class='ocrx_word' id='word_1_700' title='bbox 1051 4261 1183 4310; x_wconf 87' lang='lat' dir='ltr'><strong>riosiorem.</strong></span> <span class='ocrx_word' id='word_1_701' title='bbox 1195 4258 1282 4322; x_wconf 72' lang='lat' dir='ltr'><strong>[soca]</strong></span> <span class='ocrx_word' id='word_1_702' title='bbox 1294 4262 1384 4309; x_wconf 83' lang='lat' dir='ltr'><strong>Rectus</strong></span> <span class='ocrx_word' id='word_1_703' title='bbox 1397 4263 1478 4307; x_wconf 86' lang='lat' dir='ltr'><strong>autem</strong></span> <span class='ocrx_word' id='word_1_704' title='bbox 1498 4269 1567 4307; x_wconf 87' lang='lat' dir='ltr'><strong>amor</strong></span> <span class='ocrx_word' id='word_1_705' title='bbox 1580 4260 1665 4305; x_wconf 86' lang='lat' dir='ltr'><strong>natura</strong></span> <span class='ocrx_word' id='word_1_706' title='bbox 1680 4267 1725 4304; x_wconf 87' lang='lat' dir='ltr'><strong>sna</strong></span> <span class='ocrx_word' id='word_1_707' title='bbox 1737 4249 1833 4316; x_wconf 67' lang='lat' dir='ltr'><strong>tempe·</strong></span> 
     </span>
     <span class='ocr_line' id='line_1_45' title="bbox 231 4339 1833 4423; baseline -0.004 -25"><span class='ocrx_word' id='word_1_708' title='bbox 231 4339 340 4415; x_wconf 80' lang='grc' dir='ltr'>κοσμίου</span> <span class='ocrx_word' id='word_1_709' title='bbox 351 4363 380 4399; x_wconf 88' lang='grc' dir='ltr'><strong>τε</strong></span> <span class='ocrx_word' id='word_1_710' title='bbox 394 4339 440 4399; x_wconf 81' lang='grc' dir='ltr'><strong>καί</strong></span> <span class='ocrx_word' id='word_1_711' title='bbox 449 4342 530 4399; x_wconf 78' lang='grc' dir='ltr'>καλοῦ</span> <span class='ocrx_word' id='word_1_712' title='bbox 545 4339 683 4422; x_wconf 81' lang='grc' dir='ltr'>σωφρόνως</span> <span class='ocrx_word' id='word_1_713' title='bbox 698 4339 781 4399; x_wconf 80' lang='grc' dir='ltr'>τεκαὶ</span> <span class='ocrx_word' id='word_1_714' title='bbox 793 4345 925 4416; x_wconf 85' lang='grc' dir='ltr'>μουσικῶς</span> <span class='ocrx_word' id='word_1_715' title='bbox 935 4345 1005 4423; x_wconf 74' lang='grc' dir='ltr'>ἐρᾷη</span> <span class='ocrx_word' id='word_1_716' title='bbox 1051 4354 1101 4398; x_wconf 89' lang='lat' dir='ltr'><strong>rate</strong></span> <span class='ocrx_word' id='word_1_717' title='bbox 1112 4354 1136 4399; x_wconf 91' lang='lat' dir='ltr'><strong>ct</strong></span> <span class='ocrx_word' id='word_1_718' title='bbox 1147 4350 1238 4398; x_wconf 87' lang='lat' dir='ltr'><strong>musice</strong></span> <span class='ocrx_word' id='word_1_719' title='bbox 1251 4348 1401 4398; x_wconf 89' lang='lat' dir='ltr'><strong>moderatum</strong></span> <span class='ocrx_word' id='word_1_720' title='bbox 1409 4351 1433 4396; x_wconf 90' lang='lat' dir='ltr'><strong>at</strong></span> <span class='ocrx_word' id='word_1_721' title='bbox 1446 4345 1574 4409; x_wconf 83' lang='lat' dir='ltr'><strong>pulchrum</strong></span> <span class='ocrx_word' id='word_1_722' title='bbox 1585 4347 1666 4394; x_wconf 79' lang='lat' dir='ltr'><strong>amati</strong></span> <span class='ocrx_word' id='word_1_723' title='bbox 1677 4341 1734 4408; x_wconf 77' lang='lat' dir='ltr'><strong>[cn]</strong></span> <span class='ocrx_word' id='word_1_724' title='bbox 1745 4343 1833 4392; x_wconf 76' lang='lat' dir='ltr'><strong>admo·</strong></span> 
     </span>
    </p>
   </div>
   <div class='ocr_carea' id='block_1_3' title="bbox 7 4419 1832 4509">
    <p class='ocr_par' dir='ltr' id='par_1_3' title="bbox 7 4419 1832 4509">
     <span class='ocr_line' id='line_1_46' title="bbox 7 4419 1832 4509; baseline -0.005 -20"><span class='ocrx_word' id='word_1_725' title='bbox 7 4433 8 4456; x_wconf 64' lang='lat'>¹</span> <span class='ocrx_word' id='word_1_726' title='bbox 93 4430 98 4438; x_wconf 78' lang='grc'><em>’</em></span> <span class='ocrx_word' id='word_1_727' title='bbox 190 4450 216 4490; x_wconf 84' lang='grc' dir='ltr'><strong>ιο</strong></span> <span class='ocrx_word' id='word_1_728' title='bbox 234 4429 285 4490; x_wconf 83' lang='grc' dir='ltr'><strong>Καὶ</strong></span> <span class='ocrx_word' id='word_1_729' title='bbox 302 4419 417 4504; x_wconf 72' lang='grc' dir='ltr'>μάλα,ἧ</span> <span class='ocrx_word' id='word_1_730' title='bbox 429 4429 451 4486; x_wconf 91' lang='grc' dir='ltr'><strong>δ’</strong></span> <span class='ocrx_word' id='word_1_731' title='bbox 463 4425 501 4494; x_wconf 69' lang='lat' dir='ltr'><strong>tc.</strong></span> <span class='ocrx_word' id='word_1_732' title='bbox 545 4428 628 4489; x_wconf 82' lang='grc' dir='ltr'>Ούδέν</span> <span class='ocrx_word' id='word_1_733' title='bbox 644 4428 695 4509; x_wconf 86' lang='grc' dir='ltr'><strong>άρα</strong></span> <span class='ocrx_word' id='word_1_734' title='bbox 712 4426 879 4508; x_wconf 88' lang='grc' dir='ltr'>προσοιστέον</span> <span class='ocrx_word' id='word_1_735' title='bbox 899 4429 1007 4507; x_wconf 81' lang='grc' dir='ltr'>μανικὸν</span> <span class='ocrx_word' id='word_1_736' title='bbox 1050 4439 1119 4502; x_wconf 90' lang='lat' dir='ltr'><strong>dnm,</strong></span> <span class='ocrx_word' id='word_1_737' title='bbox 1133 4439 1217 4500; x_wconf 87' lang='lat' dir='ltr'><strong>inquit.</strong></span> <span class='ocrx_word' id='word_1_738' title='bbox 1234 4436 1323 4502; x_wconf 75' lang='lat' dir='ltr'><strong>[soca]</strong></span> <span class='ocrx_word' id='word_1_739' title='bbox 1343 4437 1405 4487; x_wconf 82' lang='lat' dir='ltr'><strong>llilril</strong></span> <span class='ocrx_word' id='word_1_740' title='bbox 1418 4449 1475 4498; x_wconf 77' lang='lat' dir='ltr'><strong>ergo</strong></span> <span class='ocrx_word' id='word_1_741' title='bbox 1488 4434 1571 4485; x_wconf 80' lang='lat' dir='ltr'><strong>furiosi</strong></span> <span class='ocrx_word' id='word_1_742' title='bbox 1589 4445 1668 4496; x_wconf 85' lang='lat' dir='ltr'><strong>neque</strong></span> <span class='ocrx_word' id='word_1_743' title='bbox 1681 4431 1832 4482; x_wconf 86' lang='lat' dir='ltr'><strong>incontinen-</strong></span> 
     </span>
    </p>
   </div>
   <div class='ocr_carea' id='block_1_4' title="bbox 188 4514 1832 5305">
    <p class='ocr_par' dir='ltr' id='par_1_4' title="bbox 188 4514 1832 5305">
     <span class='ocr_line' id='line_1_47' title="bbox 230 4514 1830 4598; baseline -0.009 -13"><span class='ocrx_word' id='word_1_744' title='bbox 230 4514 288 4574; x_wconf 66' lang='grc' dir='ltr'>αὖθί</span> <span class='ocrx_word' id='word_1_745' title='bbox 301 4515 416 4593; x_wconf 72' lang='grc' dir='ltr'>Ενγγινθς</span> <span class='ocrx_word' id='word_1_746' title='bbox 435 4515 577 4584; x_wconf 75' lang='grc' dir='ltr'>θααλααίας</span> <span class='ocrx_word' id='word_1_747' title='bbox 596 4521 633 4597; x_wconf 77' lang='grc' dir='ltr'><strong>τῷ</strong></span> <span class='ocrx_word' id='word_1_748' title='bbox 654 4518 721 4596; x_wconf 73' lang='grc' dir='ltr'>ὀρθῷ</span> <span class='ocrx_word' id='word_1_749' title='bbox 736 4515 826 4596; x_wconf 68' lang='grc' dir='ltr'>ἔρωτος</span> <span class='ocrx_word' id='word_1_750' title='bbox 842 4519 881 4577; x_wconf 77' lang='lat' dir='ltr'><strong>Os</strong></span> <span class='ocrx_word' id='word_1_751' title='bbox 900 4541 1007 4598; x_wconf 84' lang='grc' dir='ltr'>προσοι·</span> <span class='ocrx_word' id='word_1_752' title='bbox 1049 4527 1090 4576; x_wconf 89' lang='lat' dir='ltr'><strong>tiae</strong></span> <span class='ocrx_word' id='word_1_753' title='bbox 1099 4527 1169 4577; x_wconf 87' lang='lat' dir='ltr'><strong>affine</strong></span> <span class='ocrx_word' id='word_1_754' title='bbox 1179 4531 1245 4578; x_wconf 90' lang='lat' dir='ltr'><strong>recto</strong></span> <span class='ocrx_word' id='word_1_755' title='bbox 1257 4526 1331 4576; x_wconf 91' lang='lat' dir='ltr'><strong>amori</strong></span> <span class='ocrx_word' id='word_1_756' title='bbox 1346 4530 1384 4575; x_wconf 87' lang='lat' dir='ltr'><strong>est</strong></span> <span class='ocrx_word' id='word_1_757' title='bbox 1395 4523 1587 4574; x_wconf 78' lang='lat' dir='ltr'><strong>admovendum?</strong></span> <span class='ocrx_word' id='word_1_758' title='bbox 1597 4519 1656 4586; x_wconf 73' lang='lat' dir='ltr'><strong>[ca]</strong></span> <span class='ocrx_word' id='word_1_759' title='bbox 1672 4518 1737 4572; x_wconf 86' lang='lat' dir='ltr'><strong>Nihil</strong></span> <span class='ocrx_word' id='word_1_760' title='bbox 1756 4522 1830 4570; x_wconf 88' lang='lat' dir='ltr'><strong>certa.</strong></span> 
     </span>
     <span class='ocr_line' id='line_1_48' title="bbox 231 4601 1832 4684; baseline -0.004 -20"><span class='ocrx_word' id='word_1_761' title='bbox 231 4603 312 4663; x_wconf 83' lang='grc' dir='ltr'>στέον.</span> <span class='ocrx_word' id='word_1_762' title='bbox 355 4606 395 4665; x_wconf 80' lang='grc' dir='ltr'><strong>Οὔ</strong></span> <span class='ocrx_word' id='word_1_763' title='bbox 411 4601 578 4684; x_wconf 84' lang='grc' dir='ltr'>προσοιστέον</span> <span class='ocrx_word' id='word_1_764' title='bbox 593 4603 644 4684; x_wconf 82' lang='grc' dir='ltr'><strong>ἄρα</strong></span> <span class='ocrx_word' id='word_1_765' title='bbox 657 4603 723 4675; x_wconf 84' lang='grc' dir='ltr'>αύπη</span> <span class='ocrx_word' id='word_1_766' title='bbox 735 4609 752 4675; x_wconf 79' lang='grc' dir='ltr'><strong>ἡ</strong></span> <span class='ocrx_word' id='word_1_767' title='bbox 764 4603 861 4682; x_wconf 78' lang='grc' dir='ltr'>ἡδονὴ,</span> <span class='ocrx_word' id='word_1_768' title='bbox 876 4605 935 4664; x_wconf 80' lang='grc' dir='ltr'>οὐδὲ</span> <span class='ocrx_word' id='word_1_769' title='bbox 948 4628 1005 4665; x_wconf 77' lang='lat' dir='ltr'><strong>xur—</strong></span> <span class='ocrx_word' id='word_1_770' title='bbox 1020 4611 1139 4680; x_wconf 88' lang='lat' dir='ltr'><strong>b[socn.]</strong></span> <span class='ocrx_word' id='word_1_771' title='bbox 1153 4619 1205 4666; x_wconf 88' lang='lat' dir='ltr'><strong>Nou</strong></span> <span class='ocrx_word' id='word_1_772' title='bbox 1218 4615 1290 4677; x_wconf 84' lang='lat' dir='ltr'><strong>igitur</strong></span> <span class='ocrx_word' id='word_1_773' title='bbox 1308 4612 1457 4664; x_wconf 82' lang='lat' dir='ltr'><strong>admovenda</strong></span> <span class='ocrx_word' id='word_1_774' title='bbox 1469 4612 1502 4662; x_wconf 93' lang='lat' dir='ltr'><strong>illi</strong></span> <span class='ocrx_word' id='word_1_775' title='bbox 1523 4618 1561 4664; x_wconf 86' lang='lat' dir='ltr'><strong>est</strong></span> <span class='ocrx_word' id='word_1_776' title='bbox 1571 4610 1623 4660; x_wconf 81' lang='lat' dir='ltr'><strong>lraac</strong></span> <span class='ocrx_word' id='word_1_777' title='bbox 1642 4609 1771 4672; x_wconf 80' lang='lat' dir='ltr'><strong>voluptas,</strong></span> <span class='ocrx_word' id='word_1_778' title='bbox 1790 4623 1832 4658; x_wconf 91' lang='lat' dir='ltr'><strong>ne·</strong></span> 
     </span>
     <span class='ocr_line' id='line_1_49' title="bbox 188 4681 1831 4775; baseline -0.01 -13"><span class='ocrx_word' id='word_1_779' title='bbox 188 4681 191 4688; x_wconf 30' lang='lat'>¹</span> <span class='ocrx_word' id='word_1_780' title='bbox 229 4691 355 4761; x_wconf 73' lang='grc' dir='ltr'>νωνιιιθαν</span> <span class='ocrx_word' id='word_1_781' title='bbox 369 4696 449 4764; x_wconf 76' lang='grc' dir='ltr'>αθιῆς</span> <span class='ocrx_word' id='word_1_782' title='bbox 464 4693 562 4771; x_wconf 78' lang='grc' dir='ltr'>θρααιῇ</span> <span class='ocrx_word' id='word_1_783' title='bbox 585 4715 614 4750; x_wconf 73' lang='grc' dir='ltr'>τι</span> <span class='ocrx_word' id='word_1_784' title='bbox 635 4691 681 4751; x_wconf 73' lang='grc' dir='ltr'><strong>καλ</strong></span> <span class='ocrx_word' id='word_1_785' title='bbox 695 4694 825 4760; x_wconf 73' lang='grc' dir='ltr'>παιδικοῖς</span> <span class='ocrx_word' id='word_1_786' title='bbox 836 4696 915 4772; x_wconf 72' lang='grc' dir='ltr'>ὀρθῶς</span> <span class='ocrx_word' id='word_1_787' title='bbox 928 4694 1006 4775; x_wconf 85' lang='grc' dir='ltr'>ἐρῶσί</span> <span class='ocrx_word' id='word_1_788' title='bbox 1050 4718 1097 4768; x_wconf 85' lang='lat' dir='ltr'><strong>qne</strong></span> <span class='ocrx_word' id='word_1_789' title='bbox 1113 4717 1141 4753; x_wconf 89' lang='lat' dir='ltr'><strong>ea</strong></span> <span class='ocrx_word' id='word_1_790' title='bbox 1160 4703 1322 4766; x_wconf 87' lang='lat' dir='ltr'><strong>participanda</strong></span> <span class='ocrx_word' id='word_1_791' title='bbox 1336 4701 1437 4753; x_wconf 88' lang='lat' dir='ltr'><strong>amatori</strong></span> <span class='ocrx_word' id='word_1_792' title='bbox 1455 4702 1480 4752; x_wconf 89' lang='lat' dir='ltr'><strong>ct</strong></span> <span class='ocrx_word' id='word_1_793' title='bbox 1492 4713 1566 4763; x_wconf 88' lang='lat' dir='ltr'><strong>puero</strong></span> <span class='ocrx_word' id='word_1_794' title='bbox 1584 4697 1689 4760; x_wconf 77' lang='lat' dir='ltr'><strong>legitime</strong></span> <span class='ocrx_word' id='word_1_795' title='bbox 1699 4697 1790 4747; x_wconf 88' lang='lat' dir='ltr'><strong>amanti</strong></span> <span class='ocrx_word' id='word_1_796' title='bbox 1806 4701 1831 4748; x_wconf 88' lang='lat' dir='ltr'><strong>et</strong></span> 
     </span>
     <span class='ocr_line' id='line_1_50' title="bbox 229 4770 1829 4864; baseline -0.011 -13"><span class='ocrx_word' id='word_1_797' title='bbox 229 4801 259 4835; x_wconf 63' lang='grc' dir='ltr'><strong>τε</strong></span> <span class='ocrx_word' id='word_1_798' title='bbox 268 4778 312 4836; x_wconf 66' lang='grc' dir='ltr'>καὶ</span> <span class='ocrx_word' id='word_1_799' title='bbox 328 4778 481 4859; x_wconf 66' lang='grc' dir='ltr'>ἕρνιμθναιςῇ</span> <span class='ocrx_word' id='word_1_800' title='bbox 494 4783 534 4841; x_wconf 85' lang='grc' dir='ltr'>Οθ</span> <span class='ocrx_word' id='word_1_801' title='bbox 549 4779 637 4858; x_wconf 71' lang='grc' dir='ltr'>μέντοι</span> <span class='ocrx_word' id='word_1_802' title='bbox 650 4780 752 4858; x_wconf 74' lang='lat' dir='ltr'><strong>plut,</strong></span> <span class='ocrx_word' id='word_1_803' title='bbox 766 4779 830 4862; x_wconf 79' lang='grc' dir='ltr'>ἔφη,</span> <span class='ocrx_word' id='word_1_804' title='bbox 855 4770 876 4840; x_wconf 73' lang='lat' dir='ltr'><strong>i</strong></span> <span class='ocrx_word' id='word_1_805' title='bbox 894 4780 1005 4864; x_wconf 85' lang='grc' dir='ltr'>Σύικρα-</span> <span class='ocrx_word' id='word_1_806' title='bbox 1050 4796 1145 4842; x_wconf 83' lang='lat' dir='ltr'><strong>amatu?</strong></span> <span class='ocrx_word' id='word_1_807' title='bbox 1156 4789 1214 4857; x_wconf 76' lang='lat' dir='ltr'><strong>[ca]</strong></span> <span class='ocrx_word' id='word_1_808' title='bbox 1224 4794 1268 4840; x_wconf 86' lang='lat' dir='ltr'><strong>Per</strong></span> <span class='ocrx_word' id='word_1_809' title='bbox 1279 4794 1379 4853; x_wconf 84' lang='lat' dir='ltr'><strong>Jorem,</strong></span> <span class='ocrx_word' id='word_1_810' title='bbox 1395 4790 1487 4853; x_wconf 81' lang='lat' dir='ltr'><strong>inquit,</strong></span> <span class='ocrx_word' id='word_1_811' title='bbox 1501 4789 1566 4838; x_wconf 89' lang='lat' dir='ltr'><strong>nullu</strong></span> <span class='ocrx_word' id='word_1_812' title='bbox 1580 4786 1652 4838; x_wconf 79' lang='lat' dir='ltr'><strong>morlo</strong></span> <span class='ocrx_word' id='word_1_813' title='bbox 1663 4785 1829 4845; x_wconf 81' lang='lat' dir='ltr'><strong>admovenda,</strong></span> 
     </span>
     <span class='ocr_line' id='line_1_51' title="bbox 191 4867 1829 4947; baseline -0.001 -24"><span class='ocrx_word' id='word_1_814' title='bbox 191 4893 217 4932; x_wconf 73' lang='grc' dir='ltr'>ιο</span> <span class='ocrx_word' id='word_1_815' title='bbox 229 4889 289 4942; x_wconf 85' lang='grc' dir='ltr'>τες,</span> <span class='ocrx_word' id='word_1_816' title='bbox 304 4867 482 4946; x_wconf 87' lang='grc' dir='ltr'>προσοιστέον.</span> <span class='ocrx_word' id='word_1_817' title='bbox 526 4868 604 4930; x_wconf 84' lang='grc' dir='ltr'>Ούτω</span> <span class='ocrx_word' id='word_1_818' title='bbox 619 4869 665 4942; x_wconf 80' lang='grc' dir='ltr'><strong>δὴ,</strong></span> <span class='ocrx_word' id='word_1_819' title='bbox 678 4873 713 4936; x_wconf 82' lang='grc' dir='ltr'>ὡς</span> <span class='ocrx_word' id='word_1_820' title='bbox 733 4868 814 4943; x_wconf 83' lang='grc' dir='ltr'>ἔοικε,</span> <span class='ocrx_word' id='word_1_821' title='bbox 826 4872 1006 4947; x_wconf 75' lang='grc' dir='ltr'>νομοθετήσεις</span> <span class='ocrx_word' id='word_1_822' title='bbox 1049 4895 1063 4929; x_wconf 93' lang='grc' dir='ltr'>ο</span> <span class='ocrx_word' id='word_1_823' title='bbox 1080 4881 1197 4930; x_wconf 78' lang='lat' dir='ltr'><strong>Socrates.</strong></span> <span class='ocrx_word' id='word_1_824' title='bbox 1213 4876 1302 4942; x_wconf 78' lang='lat' dir='ltr'><strong>[soum]</strong></span> <span class='ocrx_word' id='word_1_825' title='bbox 1313 4878 1352 4927; x_wconf 87' lang='lat' dir='ltr'><strong>Sic</strong></span> <span class='ocrx_word' id='word_1_826' title='bbox 1364 4877 1443 4938; x_wconf 84' lang='lat' dir='ltr'><strong>igilur,</strong></span> <span class='ocrx_word' id='word_1_827' title='bbox 1454 4875 1588 4935; x_wconf 84' lang='lat' dir='ltr'><strong>ntridctnr,</strong></span> <span class='ocrx_word' id='word_1_828' title='bbox 1599 4875 1623 4923; x_wconf 93' lang='lat' dir='ltr'><strong>in</strong></span> <span class='ocrx_word' id='word_1_829' title='bbox 1635 4873 1829 4936; x_wconf 85' lang='lat' dir='ltr'><strong>civitate,quam</strong></span> 
     </span>
     <span class='ocr_line' id='line_1_52' title="bbox 230 4954 1830 5036; baseline 0.001 -26"><span class='ocrx_word' id='word_1_830' title='bbox 230 4954 299 5032; x_wconf 74' lang='grc' dir='ltr'>ἐντῇ</span> <span class='ocrx_word' id='word_1_831' title='bbox 318 4956 463 5033; x_wconf 81' lang='grc' dir='ltr'>οἰκιζομένῃ</span> <span class='ocrx_word' id='word_1_832' title='bbox 485 4955 575 5030; x_wconf 88' lang='grc' dir='ltr'>πόλει,</span> <span class='ocrx_word' id='word_1_833' title='bbox 595 4958 677 5036; x_wconf 80' lang='grc' dir='ltr'>φιλεῖν</span> <span class='ocrx_word' id='word_1_834' title='bbox 699 4955 745 5033; x_wconf 85' lang='grc' dir='ltr'><strong>μὲν</strong></span> <span class='ocrx_word' id='word_1_835' title='bbox 765 4955 811 5015; x_wconf 83' lang='grc' dir='ltr'><strong>καί</strong></span> <span class='ocrx_word' id='word_1_836' title='bbox 828 4955 937 5026; x_wconf 81' lang='grc' dir='ltr'>ξυνεῖναι</span> <span class='ocrx_word' id='word_1_837' title='bbox 959 4959 1004 5017; x_wconf 82' lang='grc' dir='ltr'><strong>καὶ</strong></span> <span class='ocrx_word' id='word_1_838' title='bbox 1049 4968 1211 5027; x_wconf 87' lang='lat' dir='ltr'><strong>instituimus,</strong></span> <span class='ocrx_word' id='word_1_839' title='bbox 1230 4967 1281 5028; x_wconf 77' lang='lat' dir='ltr'><strong>lege</strong></span> <span class='ocrx_word' id='word_1_840' title='bbox 1292 4967 1397 5026; x_wconf 87' lang='lat' dir='ltr'><strong>sancies,</strong></span> <span class='ocrx_word' id='word_1_841' title='bbox 1411 4968 1440 5013; x_wconf 91' lang='lat' dir='ltr'><strong>nt</strong></span> <span class='ocrx_word' id='word_1_842' title='bbox 1457 4967 1549 5014; x_wconf 88' lang='lat' dir='ltr'><strong>amator</strong></span> <span class='ocrx_word' id='word_1_843' title='bbox 1565 4966 1629 5012; x_wconf 90' lang='lat' dir='ltr'><strong>amet</strong></span> <span class='ocrx_word' id='word_1_844' title='bbox 1646 4962 1784 5024; x_wconf 84' lang='lat' dir='ltr'><strong>unaquesit</strong></span> <span class='ocrx_word' id='word_1_845' title='bbox 1804 4963 1830 5012; x_wconf 87' lang='lat' dir='ltr'><strong>et</strong></span> 
     </span>
     <span class='ocr_line' id='line_1_53' title="bbox 232 5039 1829 5127; baseline -0.001 -28"><span class='ocrx_word' id='word_1_846' title='bbox 232 5039 358 5100; x_wconf 75' lang='lat' dir='ltr'><strong>timasius</strong></span> <span class='ocrx_word' id='word_1_847' title='bbox 377 5041 466 5123; x_wconf 81' lang='grc' dir='ltr'>ὥσπερ</span> <span class='ocrx_word' id='word_1_848' title='bbox 489 5044 554 5111; x_wconf 79' lang='grc' dir='ltr'>υἱέος</span> <span class='ocrx_word' id='word_1_849' title='bbox 568 5044 829 5127; x_wconf 79' lang='grc' dir='ltr'>παιδικῶνέραστὴν</span> <span class='ocrx_word' id='word_1_850' title='bbox 849 5049 899 5104; x_wconf 92' lang='grc' dir='ltr'><strong>τῶν</strong></span> <span class='ocrx_word' id='word_1_851' title='bbox 918 5048 1005 5106; x_wconf 88' lang='grc' dir='ltr'>καλῶν</span> <span class='ocrx_word' id='word_1_852' title='bbox 1049 5059 1130 5119; x_wconf 72' lang='lat' dir='ltr'><strong>tangat</strong></span> <span class='ocrx_word' id='word_1_853' title='bbox 1141 5059 1261 5116; x_wconf 87' lang='lat' dir='ltr'><strong>amatum,</strong></span> <span class='ocrx_word' id='word_1_854' title='bbox 1272 5055 1292 5104; x_wconf 93' lang='lat' dir='ltr'><strong>si</strong></span> <span class='ocrx_word' id='word_1_855' title='bbox 1303 5055 1461 5118; x_wconf 88' lang='lat' dir='ltr'><strong>persuaserit,</strong></span> <span class='ocrx_word' id='word_1_856' title='bbox 1483 5057 1605 5116; x_wconf 68' lang='lat' dir='ltr'><strong>umquam</strong></span> <span class='ocrx_word' id='word_1_857' title='bbox 1619 5050 1696 5100; x_wconf 88' lang='lat' dir='ltr'><strong>lilium</strong></span> <span class='ocrx_word' id='word_1_858' title='bbox 1715 5049 1829 5112; x_wconf 84' lang='lat' dir='ltr'><strong>pulchro-</strong></span> 
     </span>
     <span class='ocr_line' id='line_1_54' title="bbox 231 5127 1827 5212; baseline -0.009 -10"><span class='ocrx_word' id='word_1_859' title='bbox 231 5127 319 5210; x_wconf 69' lang='grc' dir='ltr'>Ἁθριιι</span> <span class='ocrx_word' id='word_1_860' title='bbox 333 5127 377 5187; x_wconf 64' lang='grc' dir='ltr'><strong>ἐὰν</strong></span> <span class='ocrx_word' id='word_1_861' title='bbox 397 5129 528 5209; x_wconf 71' lang='grc' dir='ltr'>πιθθῂ·τθ</span> <span class='ocrx_word' id='word_1_862' title='bbox 539 5130 560 5191; x_wconf 81' lang='grc' dir='ltr'>θ’</span> <span class='ocrx_word' id='word_1_863' title='bbox 571 5131 639 5192; x_wconf 71' lang='grc' dir='ltr'>ἄλλα</span> <span class='ocrx_word' id='word_1_864' title='bbox 651 5131 733 5200; x_wconf 72' lang='grc' dir='ltr'>αθιως</span> <span class='ocrx_word' id='word_1_865' title='bbox 744 5132 916 5212; x_wconf 69' lang='grc' dir='ltr'>θμιλιθνιιρθς</span> <span class='ocrx_word' id='word_1_866' title='bbox 927 5132 955 5192; x_wconf 80' lang='grc' dir='ltr'>θν</span> <span class='ocrx_word' id='word_1_867' title='bbox 969 5157 1006 5202; x_wconf 78' lang='grc' dir='ltr'>τις</span> <span class='ocrx_word' id='word_1_868' title='bbox 1049 5159 1104 5196; x_wconf 80' lang='lat' dir='ltr'><strong>raus</strong></span> <span class='ocrx_word' id='word_1_869' title='bbox 1112 5157 1202 5196; x_wconf 90' lang='lat' dir='ltr'><strong>causa:</strong></span> <span class='ocrx_word' id='word_1_870' title='bbox 1216 5145 1322 5194; x_wconf 88' lang='lat' dir='ltr'><strong>ceteram</strong></span> <span class='ocrx_word' id='word_1_871' title='bbox 1337 5143 1372 5194; x_wconf 87' lang='lat' dir='ltr'><strong>sic</strong></span> <span class='ocrx_word' id='word_1_872' title='bbox 1382 5148 1492 5194; x_wconf 78' lang='lat' dir='ltr'><strong>versetur</strong></span> <span class='ocrx_word' id='word_1_873' title='bbox 1502 5155 1557 5192; x_wconf 89' lang='lat' dir='ltr'><strong>cnm</strong></span> <span class='ocrx_word' id='word_1_874' title='bbox 1574 5143 1787 5205; x_wconf 87' lang='lat' dir='ltr'><strong>ao,quemamet,</strong></span> <span class='ocrx_word' id='word_1_875' title='bbox 1801 5143 1827 5189; x_wconf 91' lang='lat' dir='ltr'><strong>ut</strong></span> 
     </span>
     <span class='ocr_line' id='line_1_55' title="bbox 232 5217 1825 5305; baseline -0.009 -15"><span class='ocrx_word' id='word_1_876' title='bbox 232 5218 385 5295; x_wconf 71' lang='grc' dir='ltr'>ναννθθζαι,</span> <span class='ocrx_word' id='word_1_877' title='bbox 405 5217 473 5286; x_wconf 76' lang='grc' dir='ltr'>θαιιις</span> <span class='ocrx_word' id='word_1_878' title='bbox 495 5219 625 5299; x_wconf 74' lang='grc' dir='ltr'>μηθὲααιι</span> <span class='ocrx_word' id='word_1_879' title='bbox 650 5219 715 5290; x_wconf 79' lang='grc' dir='ltr'>θθίει</span> <span class='ocrx_word' id='word_1_880' title='bbox 737 5221 886 5305; x_wconf 83' lang='grc' dir='ltr'>μακρότερα</span> <span class='ocrx_word' id='word_1_881' title='bbox 908 5221 1005 5281; x_wconf 90' lang='grc' dir='ltr'>τούτων</span> <span class='ocrx_word' id='word_1_882' title='bbox 1050 5230 1583 5298; x_wconf 80' lang='lat' dir='ltr'><strong>nennqrumultralraacprooederevideatur</strong></span> <span class='ocrx_word' id='word_1_883' title='bbox 1595 5230 1726 5288; x_wconf 64' lang='lat' dir='ltr'><strong>micantea</strong></span> <span class='ocrx_word' id='word_1_884' title='bbox 1739 5226 1825 5284; x_wconf 86' lang='lat' dir='ltr'><strong>iaciat,</strong></span> 
     </span>
    </p>
   </div>
   <div class='ocr_carea' id='block_1_5' title="bbox 0 0 1910 5862">
    <p class='ocr_par' dir='ltr' id='par_1_5' title="bbox 0 0 1910 5862">
     <span class='ocr_line' id='line_1_56' title="bbox 0 0 1910 5862; baseline 0 4"><span class='ocrx_word' id='word_1_885' title='bbox 0 0 1910 5862; x_wconf 95' lang='lat' dir='ltr'><strong> </strong></span> 
     </span>
    </p>
   </div>
  </div>
 </body>
</html>
