3810 5862
227 571 470 680 tattttts
496 564 763 675 arnustus
787 524 1242 671 ttttttstttrtttttttts
1271 561 1575 670 stunttnttt
1626 732 1633 746 ι

869 853 893 899 S.
913 853 940 898 D.

606 1085 835 1155 AMBROSIO
863 1084 1017 1150 FlllllllN
1046 1083 1193 1150 ntnot'.

164 1855 253 1922 Cum
273 1847 439 1921 antelios
460 1865 531 1920 tres
546 1869 661 1922 annos
676 1869 695 1920 a
713 1866 776 1920 me
797 1865 948 1947 peteres,
967 1849 1020 1919 vir
1039 1848 1265 1936 doctissime,
1284 1865 1322 1920 ut
1344 1851 1575 1922 Bibliothecae
1599 1855 1694 1923 Grae·

117 2001 241 2046 corum
266 1976 480 2072 scriptorum
503 1999 522 2044 a
542 1973 576 2044 te
598 1974 769 2044 institutae
788 1987 926 2068 partem
949 1997 1044 2058 eam,
1068 1999 1146 2068 quae
1168 1973 1324 2045 Platonis
1343 1975 1503 2071 dialogos
1526 1975 1695 2048 habitura

115 2113 222 2181 esset,
238 2095 434 2168 curandam
452 2098 692 2192 susciperem,
716 2121 760 2166 eo
775 2093 958 2164 lubentius
980 2095 1043 2165 tibi
1063 2120 1205 2166 morem
1222 2099 1331 2192 gessi,
1348 2124 1423 2193 quo
1443 2101 1554 2192 magis
1573 2100 1695 2170 lauda·

114 2219 199 2290 bilia
213 2219 303 2290 mihi
319 2245 498 2316 supraque
509 2219 670 2312 vulgares
688 2219 916 2288 librariorum
930 2218 1148 2290 ratiunculas
1162 2221 1250 2290 elata
1266 2221 1419 2291 consilia
1432 2238 1489 2291 tua
1506 2239 1591 2293 sunt
1606 2225 1690 2295 visa.

118 2345 277 2438 Cumque
294 2342 535 2429 convenisset,
554 2357 595 2411 ut
614 2341 735 2411 denuo
750 2339 934 2410 recensitis
950 2342 1081 2411 Graecis
1097 2341 1288 2437 adjicerem
1303 2345 1416 2414 Ficini
1433 2345 1658 2420 emendatam
1674 2374 1692 2420 a

117 2489 173 2534 me
187 2459 715 2560 interpretationem,ordinem
732 2489 816 2534 vero
833 2463 1060 2558 dialogorum
1080 2490 1162 2535 eum
1185 2465 1405 2554 exhiberem,
1425 2469 1487 2563 qui
1507 2469 1594 2540 mibi
1614 2470 1692 2566 pla·

117 2584 258 2684 cuisset,
271 2586 430 2683 primum
453 2585 498 2656 ad
518 2585 849 2679 recognoscendum
870 2602 905 2656 et
925 2587 1228 2684 interpretandam
1246 2591 1431 2660 Civitatem
1455 2615 1513 2660 me
1534 2592 1691 2680 contuli,

117 2707 214 2802 quod
242 2733 284 2778 ea
314 2721 350 2778 et
375 2709 411 2777 in
441 2709 687 2804 antiquissimo
711 2711 978 2779 Platonicorum
1002 2712 1219 2808 scriptorum
1240 2711 1361 2782 indice
1381 2713 1427 2784 ab
1453 2715 1694 2811 Aristophane

117 2831 345 2922 grammatico
366 2831 484 2926 primo
506 2829 589 2900 loco
618 2832 733 2926 posita
759 2847 873 2918 esset,
898 2833 981 2902 etsi
1007 2833 1115 2904 semel
1145 2837 1316 2930 temporis
1341 2835 1386 2905 ad
1412 2862 1599 2925 normam,
1618 2864 1708 2934 quo

120 2953 213 3024 Plato
236 2950 372 3048 singula
387 2952 617 3040 condidisset,
641 2953 833 3050 disponere
852 2979 891 3024 ea
918 2955 1026 3025 nobis
1048 2955 1096 3026 ob
1122 2959 1408 3028 testimoniorum
1436 2961 1595 3056 inopiam
1615 2986 1690 3031 non

120 3073 252 3164 liceret,
273 3099 347 3145 non
368 3076 444 3146 sine
460 3077 597 3145 ratione
617 3075 773 3172 quadam
794 3100 920 3172 agmen
947 3077 1080 3148 ducere
1103 3079 1301 3167 videretur3
1328 3105 1437 3176 quam
1467 3080 1613 3176 quidem
1639 3108 1692 3153 ra·

121 3198 252 3266 tionem
277 3193 419 3292 abipso
438 3195 586 3267 Platone
600 3197 832 3292 significatam
850 3215 884 3268 et
905 3199 951 3269 ab
973 3201 1211 3297 Aristophane
1230 3227 1449 3298 quamquam
1464 3229 1537 3273 non
1556 3207 1692 3300 optime

118 3334 291 3390 serratam
312 3321 359 3389 ita
382 3335 567 3390 secuturus
585 3346 706 3408 cram,
724 3337 764 3392 ut
786 3323 920 3418 quibus
949 3323 1048 3394 Plato
1080 3326 1224 3419 vestigia
1243 3324 1406 3420 quaedam
1426 3328 1691 3422 consequentiae

118 3429 361 3537 impressisset,
376 3463 415 3512 ea
428 3441 599 3538 deinceps
611 3445 742 3515 Timaeo
762 3461 797 3515 et
815 3447 932 3516 Critiae
949 3445 1170 3516 hauddubie
1187 3447 1255 3518 illis
1273 3447 1318 3517 ab
1337 3449 1417 3544 ipso
1437 3471 1519 3517 cum
1539 3449 1687 3520 Civitate

117 3563 319 3658 conjunctis
342 3562 575 3659 subjicerem,
593 3567 630 3635 in
657 3566 803 3664 reliquis
823 3568 952 3663 partim
977 3569 1145 3639 codicum
1166 3572 1370 3641 auctoritati
1390 3570 1686 3666 obtemperarem,

118 3686 243 3778 partim
266 3689 419 3767 αὐθεντίας
436 3702 470 3756 et
488 3691 602 3768 νοθείας
619 3703 736 3759 uterer
752 3669 973 3760 discriinine.
996 3697 1072 3761 llon
1095 3717 1191 3762 eram
1208 3695 1359 3780 nescius,
1376 3693 1509 3788 quibus
1528 3708 1563 3762 et
1580 3719 1691 3788 quan-

118 3809 158 3878 tis
178 3808 469 3880 dubitationibus
488 3808 564 3881 haec
584 3813 672 3882 ratio
696 3811 851 3882 obnoxia
869 3829 981 3901 esset,
1001 3838 1116 3908 neque
1140 3814 1395 3909 disputationi,
1414 3815 1529 3911 qualis
1550 3815 1595 3885 ad
1613 3841 1689 3887 eam

119 3928 340 4023 probandam
360 3932 622 4027 requireretur,
643 3935 679 4002 in
704 3932 925 4004 Bibliotheca
947 3951 1007 4005 tua
1024 3935 1165 4004 nullum
1186 3961 1260 4006 esse
1278 3937 1399 4007 locum
1419 3961 1490 4006 non
1517 3937 1690 4032 intellige·

117 4061 218 4148 bam3
239 4061 302 4131 sed
325 4062 631 4156 quemadmodum
657 4065 693 4133 in
726 4066 960 4136 emendandis
986 4083 1019 4136 et
1043 4068 1292 4137 convertendis
1314 4070 1457 4164 scriptis
1488 4071 1690 4166 interpretis

117 4198 149 4252 et
172 4185 289 4254 critici
317 4184 532 4278 diligentiam
556 4211 593 4255 re
610 4189 765 4282 praestari
785 4187 931 4276 debere,
950 4192 1166 4283 argumentis
1183 4191 1327 4286 probari
1342 4217 1416 4261 non
1445 4192 1576 4279 debere
1594 4195 1690 4264 vide·

117 4303 195 4374 bam
211 4359 221 4392 ,
240 4307 288 4375 ita
304 4306 373 4375 hac
396 4333 543 4404 quoque,
561 4309 597 4378 in
620 4325 719 4406 parte
735 4337 807 4380 non
832 4311 1052 4383 audiendum
1084 4338 1161 4383 esse
1186 4312 1382 4384 statuebam
1407 4314 1508 4383 illum
1526 4319 1690 4410 quamvis

117 4424 312 4518 prudenter
326 4431 409 4496 Nora
431 4431 520 4498 irrue
542 4432 632 4498 satis
648 4448 700 4500 est
718 4454 785 4507 reno
809 4451 841 4504 te
858 4432 969 4504 dicere
987 4433 1107 4520 verbo,
1122 4433 1314 4527 srdfncerc
1334 4451 1374 4503 ut
1392 4438 1505 4531 qrrrrr's
1517 4440 1691 4506 scraer'arer

115 4546 238 4628 videat
259 4573 327 4617 nos
348 4575 512 4645 quoque,
528 4553 591 4647 qui
611 4567 770 4622 veterum
800 4556 931 4650 scripta
954 4554 1112 4642 edimus,
1131 4574 1434 4627 commonentem.
1456 4565 1580 4628 Postea
1603 4583 1689 4630 vero

115 4693 221 4764 qnam
241 4670 407 4765 perspexi
426 4686 610 4768 receptum
627 4673 782 4770 aliquem
802 4675 965 4746 ordinem
987 4691 1020 4746 te
1036 4676 1141 4748 malle
1160 4679 1294 4766 teneri,
1314 4703 1360 4747 ne
1380 4679 1465 4748 novi
1489 4679 1689 4775 patrocinio

115 4791 255 4860 deserto
282 4791 490 4861 temeritatis
517 4817 783 4880 accusaremur,
808 4796 1090 4891 Stephanianum
1116 4797 1170 4867 vel
1194 4799 1315 4893 potius
1336 4799 1586 4869 Serraniamrm
1610 4825 1689 4870 om·

116 4913 219 4982 nium.
239 4927 470 5008 receptorum
489 4915 698 5010 pessimum,
722 4917 1150 4990 Schleiermacherianum
1174 4922 1352 5016 optimum
1379 4945 1454 4990 esse
1473 4937 1570 4992 ratus
1591 4920 1690 4992 huuc

117 5035 149 5105 in
173 5036 435 5131 posterioribus
454 5039 576 5110 saltem
600 5043 740 5138 scriptis
763 5044 1198 5140 plurimorum·consensu
1223 5044 1414 5141 probatum
1435 5047 1531 5142 sequi
1554 5051 1688 5118 consti·

270 5163 360 5208 Puro.
379 5165 409 5208 tt.
1549 5190 1572 5226 a
