3782 5840
179 474 215 521 ιιι
795 452 992 514 ΙΙΟλΙῘΕΙΑ.
1023 453 1116 512 uiuri.
1137 459 1169 514 Δ.
1639 461 1702 535 (ιιι,
1718 457 1783 532 ιιι]
1878 475 1879 514 ι

180 605 244 668 ποτὲ
262 608 288 665 ἐν
304 607 406 687 σεαυτῷ
420 609 466 663 τοῦ
480 604 596 664 τοιούτου
612 601 760 676 αἰσθέσθαι,
778 592 853 681 οἶμαι
868 601 890 660 δ’
903 600 956 658 οὐδ’
1001 608 1109 673 junctam
1125 611 1263 664 arbitrante
1281 625 1406 676 nunquam
1425 614 1468 662 aut
1483 613 1508 663 in
1525 614 1551 664 ts
1561 613 1615 680 ipso
1633 619 1676 665 aut
1693 615 1720 664 in
1731 615 1781 666 alio

181 699 209 754 ἐν
225 694 306 776 άλλιρ.
347 691 439 772 Οθμῖι
455 692 499 752 τόν
519 692 584 766 Διά,
605 691 665 773 ἔφη.
707 693 744 752 Ti
757 683 843 766 δι’;ό,ν
862 689 884 748 δ’
897 685 957 768 ἐγώ·
1003 695 1443 765 εεοειεεειιιοιυιοοι.[ει.]ι“ιοοουωο
1453 701 1789 768 persorem‚inquir.[soos.]

179 784 245 844 όταν
259 807 298 852 τις
311 781 399 854 οῖηται
420 783 529 852 ἀδικεῖν,
547 781 596 861 οὐχ
614 779 667 862 dorp
686 779 718 839 δν
737 777 912 859 γενναιότερος
925 767 988 855 ᾔ,ο
1006 786 1069 847 Quid
1079 791 1153 860 reno?
1165 788 1260 851 inquam
1270 803 1276 837 :
1288 781 1383 853 quaudo
1392 789 1446 853 quis
1458 788 1661 852 iniuriaminferre
1671 805 1698 841 se
1708 796 1789 854 putat,

178 870 297 954 τοσούτῳ
310 863 387 943 ἧττον
402 867 510 928 δύναται
527 869 674 950 ὀργίζεσθαι
688 869 733 928 καὶ
747 870 842 926 πεινῶν
857 865 903 925 καὶ
922 868 959 946 br·
1004 887 1083 926 nonne
1094 888 1143 940 quo
1152 877 1287 938 generosior
1296 881 1347 938 est,
1357 890 1386 927 eo
1395 879 1476 928 ιοιουε
1485 877 1555 928 tressi
1565 883 1653 942 potest,
1662 878 1722 930 dum
1731 893 1792 930 εεο-

148 967 159 1004 ῑ
179 965 232 1042 γιῦν
243 961 288 1020 καλ
299 959 364 1019 άλλο
377 963 461 1020 θτιοῦν
469 962 520 1018 τῶν
535 956 656 1019 τοιούτων
670 956 782 1038 πάσχων
789 958 833 1014 ὑπ’
844 953 957 1033 ἐκεῖνον,
1005 947 1039 1014 rit
1050 968 1074 1014 al
1084 964 1147 1027 alget
1158 969 1183 1014 et
1194 964 1259 1015 aliud
1268 964 1371 1030 quodvis
1380 967 1427 1016 lale
1438 966 1567 1032 patiturab
1577 968 1633 1030 illo,
1647 981 1722 1032 quern
1732 969 1791 1031 iure

179 1049 207 1108 δν
222 1048 254 1110 δν
265 1047 352 1120 οἴηται
364 1047 468 1116 δικαίως
481 1048 644 1130 ταῦταδρᾷν,
654 1045 714 1120 καλ,
724 1045 739 1106 δ
748 1045 830 1124 λέγω,
844 1046 891 1105 οὐκ
905 1040 959 1104 tlt·
1004 1052 1056 1102 lraeo
1070 1066 1139 1115 agere
1153 1055 1251 1115 censet,
1263 1057 1301 1116 ot,
1315 1053 1406 1119 dequo
1422 1055 1489 1116 dieo,
1506 1055 1543 1105 ira
1557 1055 1610 1118 ejus
1626 1070 1674 1106 uon
1691 1058 1746 1108 vult
1766 1057 1788 1108 iu

179 1139 218 1198 λει
230 1135 293 1218 πρὸς
305 1141 394 1196 τοῦτον
404 1139 481 1196 αὐτοῦ
490 1135 633 1218 ἐγείρεσθαι
645 1139 658 1194 ό
670 1134 768 1214 θυμός;
782 1135 889 1208 Ἀληθῆ,
897 1130 957 1213 ἔρη.
1004 1141 1069 1192 buno
1082 1141 1182 1192 irritari?
1193 1142 1250 1207 [an]
1258 1145 1348 1194 ilerum
1360 1143 1435 1206 dicis,
1447 1145 1534 1208 inquit.
1545 1144 1632 1210 [suen]
1643 1147 1706 1207 Quid
1716 1150 1791 1196 vem?

179 1228 204 1287 T
207 1225 215 1284 ί
227 1225 272 1300 δέ,
284 1224 346 1284 όταν
362 1225 508 1286 ἀδικεῖσθαί
518 1249 556 1292 τις
569 1228 682 1304 ἡγῆται,
692 1227 739 1284 οὐκ
752 1227 778 1283 ἐν
788 1222 872 1305 τούτῳ
882 1225 921 1292 ζεῖ
930 1244 960 1280 τε
1005 1230 1102 1293 quando
1115 1231 1171 1294 quis
1182 1232 1231 1296 pali
1244 1245 1270 1282 se
1281 1231 1392 1296 iniurium
1404 1237 1487 1296 putul,
1504 1247 1584 1284 uonue
1598 1237 1658 1284 tuno
1676 1235 1755 1286 feruet
1767 1240 1791 1286 el

180 1311 226 1372 καὶ
243 1313 400 1393 χαλεπαίνει
414 1314 458 1372 καὶ
473 1313 608 1394 ξυμμαχεῖ
620 1317 658 1396 τῷ
676 1315 793 1373 δοκοῦντι
807 1310 900 1392 δικαίῳ
915 1307 960 1368 καῖ
1006 1318 1117 1369 irascitur
1134 1323 1158 1370 oi
1176 1320 1293 1370 auxilinm
1313 1325 1412 1386 praestat
1430 1322 1466 1384 ei,
1484 1321 1549 1386 quod
1564 1323 1659 1385 justum
1680 1323 1792 1384 uidetur,

141 1420 165 1460 ιο
186 1402 227 1462 διδ
240 1403 270 1461 τὸ
282 1407 371 1482 πεινῇν
384 1402 429 1461 καλ
441 1401 484 1461 διδι
499 1403 530 1463 τὸ
543 1407 628 1486 ριγοῦν
643 1402 688 1462 καλ
703 1401 789 1462 πάντα
801 1400 835 1460 τά
851 1403 960 1459 τοιαῦτα
1006 1411 1132 1472 propterea
1143 1407 1208 1472 quod
1225 1409 1288 1459 fame
1297 1415 1323 1460 el
1335 1409 1421 1474 frigore
1439 1415 1464 1460 et
1475 1411 1561 1461 ceteris
1574 1411 1662 1462 talibus
1675 1411 1793 1474 afficitur,

183 1490 308 1570 πάσχειν,
319 1490 364 1550 καὶ
373 1490 508 1570 ὑπομένων
515 1500 575 1574 νικᾷ
586 1489 631 1550 καὶ
640 1494 669 1551 οὐ
676 1489 752 1570 λήγει
764 1493 815 1550 τῶν
825 1487 960 1567 γενναίων,
973 1476 995 1542 d
1006 1501 1030 1546 et
1042 1497 1214 1560 perseverando
1222 1497 1295 1549 vincit
1304 1512 1382 1561 neque
1390 1513 1405 1548 a
1413 1512 1529 1562 generoso
1538 1502 1696 1564 operauessat
1706 1500 1792 1564 prius,

181 1579 241 1660 πρὶν
260 1577 291 1637 ῖιν
310 1577 328 1652 ἢ
345 1578 553 1661 διαπράξηταιῆ
575 1577 719 1660 τελευτήσῃ
741 1575 758 1651 ἢ
781 1576 870 1659 ὥσπερ
892 1573 961 1635 κύιυν
1006 1598 1077 1648 quam
1087 1586 1125 1635 vol
1137 1586 1261 1649 perfecerit
1274 1586 1313 1638 vel
1326 1587 1397 1638 finem
1412 1589 1531 1639 inuenerit
1542 1590 1580 1639 rol
1593 1595 1619 1639 οι
1635 1590 1728 1640 sanies
1749 1603 1794 1654 pa·

180 1667 232 1727 ὑπὸ
249 1666 350 1746 νομέως
361 1667 412 1727 ῦπδ
425 1673 470 1727 τοῦ
486 1668 565 1749 λόγου
579 1673 624 1728 τοῦ
642 1671 707 1751 παρ’
722 1670 793 1749 αὐτῷ
809 1661 961 1738 ἀνακληθεὶς
1006 1675 1071 1723 sture
1087 1676 1213 1724 revocatus
1227 1674 1311 1738 abes,
1323 1676 1415 1739 quaein
1433 1676 1485 1740 ipso
1497 1682 1548 1741 est,
1560 1676 1654 1728 ratione
1665 1679 1794 1742 mitigatus

181 1761 316 1838 πραθνθῇ,
334 1755 410 1818 Πάνυ
426 1753 475 1835 μὲν
490 1749 544 1832 οῦν,
559 1756 625 1839 ἔρη,
641 1755 707 1818 ἔοικε
721 1755 823 1838 τούτῳ,
836 1743 858 1838 ᾧ
871 1751 961 1833 λέγεις·
1007 1761 1092 1813 fuerit?
1103 1761 1160 1828 [an]
1180 1763 1298 1826 Omnino,
1317 1764 1407 1829 inquit,
1428 1766 1505 1816 simile
1521 1769 1559 1816 ost
1574 1767 1609 1828 ei,
1624 1767 1662 1817 oui
1675 1767 1751 1832 diois,
1768 1771 1795 1820 et

151 1855 175 1891 ¹5
184 1844 270 1904 καίτοι
281 1868 311 1923 γε
324 1847 350 1904 όν
364 1849 398 1926 τῇ
413 1844 531 1929 ἡμετέρη
544 1846 620 1906 πολει
636 1845 694 1914 τούς
709 1843 860 1925 ἐπικούρους
874 1839 962 1920 ὥσπερ
1007 1851 1114 1915 profecto
1132 1851 1156 1902 iu
1172 1854 1253 1902 nostra
1264 1853 1360 1904 οῖνῖιιιιε
1378 1854 1515 1904 auxiliarios
1530 1861 1557 1904 οι
1577 1869 1649 1908 cenes
1661 1857 1794 1920 posuimus

182 1931 261 2000 κύνας
273 1932 381 2012 ἐθέμεθα
389 1933 517 2008 ὑπηκόους
526 1939 578 1994 τῶν
592 1933 723 2016 ἀρχόντων
733 1931 822 2014 ὥσπερ
833 1929 963 2008 ποιμένων
1007 1939 1202 2004 obtemperantes
1214 1941 1364 2005 principibus
1379 1947 1407 1992 ut
1425 1943 1563 2006 pastoribus
1574 1943 1689 1994 civitatis.
1703 1944 1793 2010 [εοεαε]

182 2020 291 2090 πολεως.
336 2024 432 2090 Καλῶς
442 2021 503 2106 γάρ,
517 2014 549 2096 ἦν
565 2024 586 2082 δ’
598 2023 662 2103 ἐγὼ,
677 2022 766 2091 νοεῒςθ
781 2021 910 2102 βούλομαι
923 2018 965 2078 λε’·
1009 2029 1118 2093 optime,
1130 2029 1243 2093 inquam,
1261 2030 1326 2094 qrrod
1342 2030 1421 2081 dicere
1435 2031 1503 2094 solo,
1516 2032 1636 2096 intelligis.
1655 2033 1699 2084 sed
1719 2035 1793 2096 vide,

183 2133 247 2187 γειν.
289 2113 347 2170 ἀλλ’
359 2113 383 2170 εἰ
396 2112 460 2192 πρὸς
471 2111 555 2194 τούτῳ
566 2112 612 2172 καὶ
621 2113 679 2172 τόδε
695 2115 802 2193 ἐνθυμῇ.
825 2111 864 2171 Τὸ
875 2110 964 2182 ποῖον;
979 2125 1067 2168 enum
1076 2122 1101 2166 et
1110 2117 1156 2168 boo
1167 2117 1454 2182 insuperauimadvertas.
1469 2118 1527 2184 [aa]
1538 2121 1602 2180 Quid
1611 2121 1692 2172 istud?
1700 2121 1794 2187 [soem]
1822 2115 1824 2118 ’

182 2195 248 2259 Ὀτι
261 2199 418 2273 τούναντῖον,
431 2198 448 2272 ἢ
461 2200 568 2282 ιἰρτῖως,
579 2205 644 2281 ἡμῖν
656 2201 775 2284 ραάνεται
791 2199 852 2280 περὶ
865 2205 910 2258 τοῦ
923 2203 965 2257 θυ·
1007 2208 1078 2256 lluno
1086 2211 1170 2257 oonlra
1181 2220 1225 2255 nos
1235 2220 1344 2271 aosapra
1354 2206 1384 2257 de
1393 2207 1517 2258 iraoundia
1530 2209 1647 2272 judicare.
1659 2215 1717 2260 tuno
1725 2211 1794 2262 enim

140 2309 166 2345 so
185 2287 312 2364 μοειδοῦς.
327 2286 385 2347 τότε
399 2287 447 2366 μὲν
464 2287 514 2370 γδιρ
528 2287 716 2368 ἐπιθυμητικόν
734 2313 759 2348 τι
778 2289 842 2347 αιἰτδ
859 2285 964 2369 ᾠόμεθα
1009 2305 1062 2344 eum
1082 2293 1112 2344 ad
1132 2293 1313 2360 concuspisoendi
1334 2297 1442 2346 natrrram
1461 2297 1634 2361 referebamus,
1649 2311 1713 2349 nuno
1732 2312 1796 2350 vero

185 2364 264 2449 εἶναι,
277 2381 324 2454 νῦν
341 2376 369 2435 δὲ
383 2379 482 2436 πολλοῦ
501 2379 553 2436 δεῖν
572 2377 670 2460 φαμὲν,
686 2376 755 2438 ἀλλὰ
775 2375 842 2436 πολὺ
864 2377 964 2454 μᾶλλον
1009 2382 1113 2432 mullum
1127 2382 1226 2445 abesse,
1239 2396 1267 2433 ao
1276 2384 1353 2434 multo
1364 2385 1439 2447 magis
1450 2397 1503 2435 earn
1515 2385 1589 2434 enimi
1606 2387 1715 2450 partibus
1727 2387 1796 2438 inter

186 2462 248 2522 αύτδ
265 2466 291 2522 ἐν
306 2467 338 2545 τῇ
353 2468 400 2537 τῆς
411 2467 497 2548 ψυχῆς
518 2465 608 2526 στάσει
628 2465 743 2526 τίθεσθαι
761 2465 794 2524 ed
813 2463 882 2524 ὅπλα
901 2463 965 2544 πρὸς
1009 2483 1036 2520 se
1047 2470 1220 2522 dissidentibus
1231 2487 1245 2522 a
1257 2473 1347 2524 ratione
1358 2475 1422 2524 stare
1433 2472 1544 2524 dicimos.
1558 2473 1617 2540 [on]
1629 2477 1665 2526 lta
1676 2491 1795 2541 prorsus,

185 2557 230 2611 τοῦ
243 2554 403 2632 λογιστικοῦ.
429 2554 632 2630 ,Παντόπασιη
649 2553 665 2614 ἔ
682 2579 709 2627 η.
750 2544 864 2635 Ἀρόύν
879 2554 965 2635 ἕτερον
1009 2558 1098 2622 lnquit.
1110 2558 1196 2624 [soen]
1209 2560 1331 2625 Nunrquid
1340 2561 1412 2624 igitur
1423 2561 1497 2613 etism
1510 2562 1541 2612 ab
1553 2563 1754 2626 baodirersa,an
1767 2569 1796 2615 ut

188 2639 215 2700 θν
229 2641 274 2701 καλ
286 2641 419 2715 τυύτου,ἢ
434 2644 581 2722 λογιστικοῦ
601 2667 627 2702 τι
650 2577 732 2716 ι’ύδος,
752 2642 820 2704 ὥστε
839 2641 876 2721 μὴ
891 2641 965 2723 τρία,
1011 2646 1122 2712 quaedam
1134 2649 1225 2712 species
1242 2649 1355 2710 rationis,
1368 2655 1454 2700 utnon
1471 2654 1520 2701 tras
1532 2651 1556 2701 ia
1566 2651 1662 2714 animo,
1677 2651 1720 2702 sed
1735 2653 1796 2704 duae

147 2739 174 2775 *ὦ
190 2727 258 2788 ἀλλὰ
273 2729 319 2788 δύο
332 2730 388 2800 εἴδη
401 2721 469 2788 εῖναι
481 2733 507 2790 ἐν
520 2734 609 2813 ψυχῇ,
622 2731 769 2810 λογιστικόν
783 2731 828 2791 καλ
839 2733 966 2808 ἐπιθομη-
1012 2737 1102 2800 speeies
1113 2737 1174 2798 sint,
1185 2737 1306 2788 rationalis
1315 2738 1533 2802 etoonoupisoens?
1544 2753 1575 2789 an
1585 2741 1796 2804 quemadmodum

187 2817 272 2892 τικόν;
296 2817 313 2890 ἢ
335 2818 454 2901 καθάπερ
476 2821 504 2878 ἐν
523 2824 556 2902 τῇ
575 2819 650 2880 πόλει
670 2819 784 2902 ξυνεῖχεν
806 2818 887 2893 αὐτὴν
908 2817 967 2902 τρῖοι
1013 2825 1037 2874 in
1058 2825 1156 2876 civitate
1175 2825 1220 2876 tria
1238 2839 1291 2875 eam
1312 2827 1467 2877 continebant
1483 2841 1583 2891 genera,
1603 2830 1796 2892 quaestuariam,

132 2921 174 2970 l-ll
186 2906 249 2966 όντα
261 2905 323 2986 γένη
335 2953 343 2984 ,
357 2909 578 2990 χρηματιστικὸν,
594 2909 769 2993 ἐπικουρικόν,
791 2909 967 2991 βουλευτικόν,
980 2930 998 2972 a
1012 2913 1178 2978 auxiliarium,
1188 2913 1348 2964 consiliarium
1356 2951 1363 2977 ,
1372 2915 1405 2964 ila
1415 2920 1439 2966 et
1446 2915 1471 2964 iu
1479 2915 1558 2966 animo
1565 2917 1663 2968 tertium
1671 2917 1796 2981 quoddam

187 2995 254 3054 υῦτω
264 2996 314 3088 χαὶ
329 2998 354 3055 ἐν
367 2999 440 3081 ψυχῇ
449 2996 535 3080 τρόπον
547 2998 623 3058 τοῦτό
643 3001 698 3058 ἐστι
710 2998 740 3059 τό
753 2995 899 3078 θυμοειδὲς,
911 2996 968 3058 tei-
1013 3001 1058 3053 boc
1067 3005 1105 3053 est
1114 3002 1269 3065 iracundum,
1282 3007 1368 3054 nature
1383 3017 1453 3068 opem
1465 3004 1542 3055 ferens
1555 3005 1656 3068 rationi,
1673 3007 1721 3057 nisi
1731 3007 1797 3057 mala

186 3107 278 3166 κουρον
301 3083 329 3143 δν
353 3089 390 3166 τῷ
410 3088 552 3169 λογιστικῷ
572 3087 662 3171 φύσει,
682 3088 726 3148 ἐὰν
750 3085 788 3167 μὴ
808 3086 858 3148 ὑπὸ
885 3091 968 3160 κακῆς
1013 3089 1154 3141 educatione
1171 3091 1241 3141 fuerit
1257 3091 1428 3154 depravatam?
1441 3091 1502 3158 [on]
1519 3096 1620 3145 lleoesse
1631 3099 1683 3155 est,
1699 3095 1796 3159 inquil,

145 3187 171 3224 ιιι
189 3177 286 3254 τροφῆς
306 3173 450 3256 διαφθαρῇ
469 3173 597 3253 Ἀνάγκη,
614 3173 677 3258 ἔφη,
697 3175 793 3258 τριτον,
844 3175 914 3250 Ναὶ,
937 3165 968 3248 ἦν
1015 3179 1160 3229 ιοιιίυοιειι.
1171 3178 1258 3244 [soen]
1269 3183 1375 3244 Nempe,
1386 3180 1498 3246 inquam,
1511 3181 1531 3232 si
1543 3180 1797 3232 diuersumaretinno

189 3263 211 3320 δ’
226 3261 291 3341 ἐγὼ,
312 3261 343 3319 όν
361 3285 390 3340 γε
406 3267 451 3322 τοῦ
470 3264 619 3343 λογιστικοῦ
639 3265 703 3325 ἄλλο
723 3289 749 3324 τι
770 3267 854 3348 φανῇ,
878 3261 968 3345 ὥσπερ
1012 3267 1373 3332 apparuerit,quemadmodam
1384 3269 1463 3319 risum
1474 3269 1727 3333 estamucupisoonli
1745 3271 1794 3322 dil·-

188 3355 234 3408 τοῦ
250 3352 436 3428 ἐπιθυμητικοῦ
450 3350 532 3432 ἐμάνη
543 3349 628 3432 ἕτερον
640 3351 677 3413 όν.
719 3353 789 3413 Ἀλλ’
800 3355 828 3413 οὐ
839 3351 967 3433 χαλεπὸν,
1013 3355 1081 3406 ferre.
1091 3354 1151 3421 [ou]
1159 3359 1188 3407 at
1196 3357 1277 3419 facile,
1289 3357 1503 3421 iuquit,upparere
1513 3362 1601 3422 potest.
1615 3359 1704 3408 namin
1715 3359 1795 3408 infau-

189 3436 256 3516 ἔφη,
271 3443 393 3521 φανῆναι.
406 3439 452 3499 καὶ
461 3438 512 3521 γδιρ
525 3441 551 3500 ἰν
563 3444 616 3509 τοῖς
627 3440 739 3509 παιδίοις
749 3440 825 3500 τοῦτό
841 3463 871 3520 γε
884 3438 916 3498 όν
928 3461 968 3505 τις
1014 3444 1185 3508 libusquoque
1197 3445 1368 3506 istudvideas,
1380 3445 1512 3510 quistatim
1531 3447 1581 3496 neti
1596 3447 1717 3497 iracundia
1728 3449 1794 3510 pleni

188 3525 252 3602 ἴδοι,
264 3525 303 3586 ότι
315 3533 397 3605 θυμοῦ
408 3527 455 3607 μὲν
470 3527 543 3597 ιύθθς
562 3527 688 3610 γενόμενοι
705 3529 789 3609 μεστά
806 3533 878 3603 ἐστι,
896 3529 967 3608 λογι·
1013 3537 1085 3598 sunt,
1096 3534 1282 3584 rationisautsm
1293 3532 1365 3597 aliqui
1377 3547 1514 3598 nunquam,
1524 3536 1592 3585 malti
1603 3550 1657 3586 soro
1666 3543 1796 3600 oompoles

152 3625 179 3668 ιο
189 3619 258 3692 σμοῦ
270 3614 292 3674 δ1
302 3611 363 3673 ἔνιοι
371 3613 418 3694 μὲν
428 3613 516 3695 ἔμοιγε
528 3618 646 3678 δοκοῦσιν
658 3618 782 3680 οὐδέποτε
792 3615 967 3697 μεταλαμόά-
979 3615 1001 3678 b
1013 3623 1063 3674 lieri
1083 3624 1140 3674 milri
1154 3623 1270 3673 uidentur.
1285 3621 1373 3688 [soon]
1387 3627 1430 3674 Per
1442 3627 1542 3685 lolem,
1555 3625 1652 3688 inquam
1659 3662 1667 3688 ,
1679 3626 1797 3689 praeclare

188 3725 250 3777 νειν,
266 3705 290 3762 οῖ
305 3702 332 3763 δὲ
343 3704 436 3765 πολλοὶ
450 3703 499 3788 apr
511 3729 582 3768 ποτε.
624 3707 679 3768 Nol
698 3705 737 3787 μδι
750 3707 801 3781 Al',
816 3700 847 3781 ἦν
864 3706 886 3765 δ’
899 3704 967 3786 ἐγὼ,
1012 3713 1103 3764 disisti.
1115 3717 1228 3778 praeteroa
1246 3714 1270 3762 iu
1286 3713 1370 3763 bestiis
1384 3714 1417 3763 ila
1429 3727 1494 3775 esse,
1511 3719 1538 3763 ut
1554 3714 1627 3776 dieis,
1645 3715 1796 3766 animadver-

188 3793 276 3860 καλῶς
286 3816 316 3872 γε
329 3783 406 3862 εἶπες.
429 3793 467 3854 ἔτι
482 3793 509 3854 δὲ
523 3797 549 3855 ἓν
565 3805 617 3866 τοῖς
627 3797 724 3878 θηρίοις
741 3796 773 3856 ἄν
785 3821 823 3865 τις
836 3796 887 3857 ἴδοι
899 3794 912 3854 θ
924 3793 967 3854 λε’-
1013 3805 1063 3853 lere
1074 3803 1142 3863 licet,
1155 3806 1179 3852 et
1188 3801 1281 3852 aceedit
1294 3801 1391 3852 ιιοοιοιιΙ
1408 3801 1581 3864 testimouium,
1593 3803 1667 3865 illud,
1677 3802 1743 3868 quod
1756 3817 1798 3856 su·

189 3905 255 3960 γεις,
276 3879 316 3940 ότι
336 3880 418 3950 ούτως
432 3881 496 3963 ἔχει·
520 3885 582 3966 πρὸς
599 3885 626 3944 δὲ
641 3885 741 3954 τούτοις
758 3885 803 3944 καὶ
821 3883 835 3945 δ
850 3884 904 3943 άνω
918 3909 968 3943 που
1013 3905 1055 3954 pra
1066 3889 1153 3941 alieubi
1165 3889 1190 3940 iu
1201 3890 1242 3939 illo
1251 3903 1360 3940 sermone
1370 3889 1522 3952 induximus,

191 3971 245 4028 ε’κεῖ
257 3967 373 4047 εἴπομεν,
384 3969 414 4029 εδ
428 3975 473 4030 τοῦ
486 3971 605 4055 Ὁμήρου
622 3973 800 4058 μαρτυρήσει,
821 3973 850 4032 τό
871 3975 970 4046 Στῆθος
1067 4014 1162 4058 Mo„
1171 4012 1285 4068 mnam
1294 4012 1389 4058 mm,
1400 4009 1487 4058 mam,
1499 4011 1594 4058 mh·

148 4059 173 4096 ⁴⁶¹
191 4055 218 4116 δὲ
233 4055 449 4139 πλήξαςκραδῖην
463 4057 579 4131 ἠνίπαπε
588 4061 672 4143 μύθῳ.
685 4063 796 4121 ἐνταῦθα
813 4060 863 4142 γδιρ
875 4061 906 4136 δὴ
922 4087 970 4122 σοι·
1033 4124 1039 4137 ,
1094 4123 1100 4136 ‚
1461 4123 1467 4136 ,
1642 4123 1648 4136 ,
1722 4125 1728 4138 ,

192 4149 247 4226 ,ῶς
259 4143 387 4227 Mum,
398 4145 479 4230 γτγρῳ
491 4149 651 4222 ἐκπλῆττον
662 4149 970 4234 πεπογηκεννομηροςτιο
1015 4123 1053 4224 lna
1063 4137 1125 4174 emm
1135 4127 1254 4174 llomerus
1264 4123 1389 4224 perspicue
1399 4129 1426 4174 ut
1436 4122 1501 4173 aliud
1510 4122 1541 4173 ab
1552 4121 1599 4202 allo
1608 4121 1729 4188 objurgari
1740 4125 1799 4178 feell

192 4233 416 4313 ἀναλογισάμενον
433 4235 495 4317 περὶ
507 4241 558 4296 τοῦ
572 4237 700 4318 βελτίονός
709 4262 740 4298 τε
751 4237 796 4298 καῖ
806 4238 920 4320 χείρονος
931 4243 969 4299 τῶ
986 4211 1055 4306 cm’
1073 4212 1138 4275 (ΨΜ
1155 4213 1208 4262 ⁸⁵¹¹⁰
1228 4217 1320 4314 ΨΜ
1338 4212 1457 4314 ‘mestus’
1473 4211 1505 4262 ὠ
1522 4225 1565 4312 φ’
1577 4211 1643 4277 ‘¹⁰⁰⁶
1655 4212 1798 4314 ἀφάκη

193 4321 509 4406 ,γογγωςθυμουμχνῳσ
553 4328 674 4404 Κομδῆ,
687 4327 751 4410 ἔφη,
766 4328 845 4408 ὀρθῶς
858 4301 960 4408 λέγεις’·
1015 4300 1139 4364 peloriqne
1151 4298 1305 4351 oonsultavrt.
1321 4298 1376 4365 [aa]
1389 4299 1723 4364 salus,1nqrui,reotedrcrs.

234 4413 328 4474 Ταῦτα
343 4409 390 4488 μὲν
414 4410 482 4493 ἄρα,
496 4405 528 4486 ἦν
546 4415 567 4473 δ’
581 4393 650 4492 ἐγὼ,Ι
669 4415 743 4495 μόγις
762 4415 969 4494 διανενεύκαμεν,
1048 4429 1136 4496 [soen]
1151 4434 1210 4482 llaoo
1231 4432 1311 4494 igitur,
1328 4432 1443 4496 inquam,
1460 4433 1613 4486 viulandum
1632 4434 1797 4496 emiariruus,

149 4515 175 4550 οἵ»
192 4498 237 4558 καὶ
249 4499 312 4577 ἡμῖν
333 4501 453 4568 ἐπιεικῶς
467 4503 634 4582 ὁμολογεῖται
646 4501 681 4562 τδι
696 4501 763 4562 olet
778 4503 825 4582 μὲν
839 4507 866 4564 ἐν
881 4504 970 4578 πολει,
1016 4522 1122 4584 satisque
1131 4521 1192 4570 inter
1201 4533 1245 4570 nos
1252 4520 1359 4572 oonstitit
1367 4520 1484 4572 eademlu
1493 4522 1589 4574 civitate
1597 4525 1670 4586 atque
1681 4524 1798 4574 inunins·

192 4585 226 4646 τθ
241 4585 308 4646 αὐτὰ
326 4587 349 4646 δ’
363 4588 390 4647 ll
408 4590 462 4656 ἔνθα
480 4589 591 4649 ἑκάστου
607 4595 639 4670 τῇ
654 4593 726 4674 ψυχῇ
740 4589 801 4670 ἰἕΨθ
819 4594 912 4652 ἓνεῖναι
926 4592 971 4653 καὶ
1016 4609 1544 4673 cujusqueaninogeneraiuessesenonem
1553 4609 1797 4676 paria-[eulmina.

192 4671 238 4733 ἶσα
259 4673 304 4733 rba
319 4673 437 4756 ἇριθμύθ.
481 4675 561 4738 Ἔστι
587 4681 681 4738 ταῦτα.
723 4679 827 4739 Οὖιιοῧν
848 4679 971 4760 ύκιῖνύγε
1016 4696 1800 4764 [εοηιημηωῃθρῐχο[νηηῃηωμηήηγῃρςῌγηρωᾱωοᾱμῃα

193 4761 244 4835 ἤδη
260 4767 413 4844 ἀναγκαῖοι,
425 4768 459 4834 ὥς
468 4764 542 4834 πόλις
557 4758 588 4839 ἦν
601 4765 668 4858 ,σοφὴ
682 4765 728 4825 καὶ
742 4757 779 4848 ᾧ,
793 4765 859 4827 θύτω
873 4769 918 4829 καλ
929 4768 973 4831 τθν
1017 4787 1168 4850 quosapions
1177 4789 1228 4840 arat
1239 4787 1340 4850 olritas,
1351 4787 1385 4838 lta
1394 4793 1419 4840 ει
1430 4801 1459 4840 eo
1472 4787 1665 4852 sapientemessa
1675 4787 1800 4840 hominem

195 4849 300 4924 ῖδιόιτην
313 4853 359 4912 καὶ
370 4851 455 4938 τούτῳ
469 4855 546 4938 σορδν
560 4846 641 4933 εἶναι,
652 4857 677 4917 Τ
680 4854 689 4915 l
701 4855 769 4935 μήν;
784 4847 870 4942 liulf,
883 4858 914 4931 δὴ
930 4861 974 4917 όν·
1018 4875 1179 4939 singularem?
1200 4874 1262 4941 [on]
1273 4875 1474 4941 Quidniipocn]
1489 4878 1548 4928 llam
1561 4875 1687 4940 moturus
1698 4880 1737 4926 est
1752 4875 1798 4928 siu·

158 4955 186 4995 su
196 4941 276 5020 δριῖος
283 4939 387 5016 ἰδιώτης
393 4943 438 5003 καῖ
446 4943 489 5018 ὣς,
496 4943 630 5028 τούτῳκαὶ
637 4944 713 5004 πολιν
719 4945 837 5028 ἀνδρεῖον
844 4948 889 5008 καὶ
895 4947 972 5024 oleo,
984 4943 1004 5008 (l
1020 4963 1109 5026 galeris
1118 4963 1191 5014 bomo
1203 4964 1227 5013 et
1236 4963 1370 5026 quomodo,
1381 4977 1410 5015 aa
1422 4964 1487 5015 etita
1499 4963 1584 5020 fortem
1597 4976 1651 5016 esse
1659 4963 1732 5014 etism
1741 4961 1800 5016 uivi-

195 5027 240 5087 καὶ
249 5019 334 5088 ritis
341 5029 428 5091 πάντα
438 5033 500 5118 πρός
512 5033 606 5116 ἀρετλν
617 5034 741 5103 ὡσαύτως
751 5034 886 5120 άμρότερα
895 5039 973 5121 ἔχειν.
1020 5055 1108 5113 tatem,
1119 5056 1144 5102 et
1155 5051 1180 5101 lu
1189 5052 1274 5102 ueteris
1286 5051 1399 5104 omnibus
1407 5051 1565 5104 adulrtuteue
1575 5053 1677 5116 oroque
1688 5051 1800 5104 similiter

196 5115 319 5192 Ἀνάγκη.
362 5119 416 5180 Καὶ
432 5119 530 5182 δίκαιον
543 5121 589 5198 δὴ,
603 5113 625 5184 ιύ
641 5123 777 5200 Γλαύκων,
791 5115 879 5205 οἶμαι,
893 5127 975 5210 ρήσο-
1019 5138 1380 5206 εειιειιειε.[οι..]θῖεοοεεεεει.
1400 5139 1800 5206 [εουο.]Ει3ο]οειιιιιιι[υοιιαε,ο

197 5226 245 5281 μεν
258 5204 339 5288 ἄνδρα
360 5197 426 5268 εἶναι
446 5213 483 5292 τῷ
498 5213 569 5292 αύτῷ
587 5212 690 5296 τρόπῳ,
706 5203 779 5298 ᾧπερ
793 5215 838 5275 καλ
851 5216 926 5284 πολις
943 5209 975 5292 ἦν
1020 5227 1126 5291 Glauco,
1141 5228 1234 5292 opinor,
1249 5228 1329 5278 sirum
1343 5228 1452 5280 dioenus
1467 5229 1551 5280 eadem
1566 5229 1658 5280 rationo
1667 5241 1735 5292 esse,
1751 5239 1798 5293 qm

197 5293 295 5355 δικαία.
340 5295 393 5356 Καὶ
405 5302 481 5357 τοῦτο
495 5308 568 5359 πᾶσα
581 5301 693 5380 αἰνάγκη.
737 5303 807 5364 Ἀλλ’
822 5305 852 5365 ού
870 5329 908 5381 πη
923 5305 974 5386 μὴν
1020 5322 1070 5368 ersi
1080 5318 1171 5368 civitas.
1185 5317 1244 5382 [an]
1257 5321 1308 5370 lloo
1317 5331 1412 5384 quoque
1421 5319 1581 5370 neeessariam
1593 5317 1699 5370 omnino
1708 5313 1800 5384 [ιιι]
