3782 5840
71 437 114 516 (ιιι,
126 451 173 507 inq
662 421 825 486 CIVITAS.
847 419 919 483 Llit.
944 423 978 484 V.
1602 440 1640 492 ηγ

73 586 105 653 γῆς
112 577 251 646 Ἑλληνικῆς
265 574 312 634 καί
324 575 410 634 οἰκιῶν
424 571 580 653 ἐμπρήσεως
591 568 663 631 ποῖόν
677 568 703 630 τί
715 593 755 630 σοι
765 565 827 652 δρά·
872 582 944 629 vero?
964 578 994 630 de
1015 579 1064 641 agri
1085 580 1217 630 testatione
1235 581 1313 634 croci
1331 585 1356 632 et
1375 581 1503 634 domorum
1516 583 1654 636 incensione

72 667 167 730 cunrat
183 666 346 746 στρατιῶται
362 662 426 744 πρδς
440 661 500 729 τοθς
510 658 664 738 πολεμίους,
676 661 745 735 Σοῦ,
762 657 828 740 ἔφη,
872 681 1000 731 quamnam
1010 668 1045 718 tui
1053 669 1142 720 milites
1150 659 1412 736 cunibostibusagendi
1421 671 1516 724 inibunt
1523 654 1655 725 retionemi

72 757 126 826 δήτι
150 752 355 834 ἀποφαινομένου
379 749 461 824 ἡδέως
485 749 517 810 ἐν
543 747 693 827 άκοιίσαιμι.
744 745 825 825 Ἐμοί
873 755 934 822 [οι]
945 761 1037 820 Tuam,
1059 757 1265 823 inquit,iibenter
1280 761 1424 812 sententiam
1435 761 1553 813 audirem.
1566 761 1655 828 [εοοκ]

71 847 105 924 μίν
113 843 193 915 τοίνυν,
215 835 246 914 ἦν
259 841 282 901 δ’
297 840 364 922 ἐγὼ,
379 843 450 902 δοκεῖ
468 838 566 901 τοιίτων
581 837 677 919 μηδίτε
696 861 712 897 α
732 834 857 909 ποιεῖν,ί)
873 846 932 898 Mihi
950 847 1032 911 igitur,
1052 849 1145 912 inquit,
1162 854 1275 900 neutrum
1296 850 1383 901 borum
1402 851 1499 902 videtur
1519 849 1656 902 iaciendum

51 955 58 991 ι
72 933 166 996 ἰλλὸτδν
178 928 295 1000 ἐπέτειοι]
308 930 409 1013 καρπὸν
424 930 603 1014 ἀφαιρεῖσθαι,
617 925 664 988 καλ
679 862 715 986 ῶν
732 924 824 1001 ἐνεκα,
871 949 933 999 esse,
945 937 987 986 sed
998 937 1089 988 iructm
1099 951 1191 990 enuuos
1200 939 1397 1003 arrierendum,et
1407 953 1504 991 caueam
1512 940 1657 992 vin’dicam?

72 1024 138 1102 θήλει
149 1044 185 1082 σοι
195 1019 284 1100 λέγω,
296 1019 374 1084 Πάνυ
384 1043 424 1100 γε.
466 1016 598 1082 Φαίνεταί
607 1041 669 1097 μοι,
680 1013 769 1097 ὥσπερ
780 1012 826 1074 καί
872 1023 930 1091 [οη]
941 1027 1004 1077 voto
1013 1041 1078 1076 saue.
1097 1026 1185 1092 [soen]
1195 1027 1313 1079 Videntur
1323 1029 1395 1092 milri,
1408 1028 1482 1080 sicuti
1493 1030 1591 1082 nomiun
1602 1031 1654 1082 trerc

71 1111 193 1191 θαμίζεται
207 1110 256 1171 δύο
264 1115 349 1170 ταῦτα
360 1108 486 1188 ὀνόματα,
495 1105 609 1185 πολεμός
619 1129 648 1166 τε
659 1104 706 1165 καί
721 1101 826 1175 στάσις,
873 1115 921 1165 duo
933 1116 1002 1176 snut,
1014 1115 1104 1167 beilum
1116 1130 1144 1166 ae
1151 1117 1253 1178 seditio,
1264 1117 1297 1168 ita
1309 1121 1334 1168 et
1349 1132 1403 1169 esse
1411 1118 1476 1184 duo',
1485 1119 1589 1171 duorum
1599 1133 1658 1183 quo·

70 1201 120 1264 οίτω
135 1200 174 1261 καί
186 1189 255 1259 εἶναι
268 1196 329 1273 δύο,
352 1197 414 1259 όντα
436 1197 480 1258 ἐπί
494 1199 564 1256 δυοῖν
582 1196 660 1254 τινοῖν
681 1195 825 1275 διαφοραῖν.
873 1203 974 1255 ruudnm
986 1205 1157 1269 discrepantias
1177 1205 1340 1270 significantia.
1364 1207 1418 1259 dico
1430 1212 1511 1260 autem
1529 1209 1579 1260 duo
1593 1211 1658 1270 irene,
1764 1253 1768 1264 ,

70 1290 123 1369 λέγω
137 1287 203 1348 δίτδ
213 1286 277 1367 δύο,
289 1287 320 1348 τὸ
330 1285 377 1367 μέν
391 1286 485 1346 οἰκεῖον
500 1285 545 1345 καί
562 1280 693 1363 ξυγγενές,
706 1281 736 1342 τδ
747 1279 774 1340 δέ
784 1284 830 1341 ἄλ·
873 1294 975 1345 aiterum
987 1294 1146 1346 necessarium
1159 1298 1183 1346 et
1194 1301 1332 1359 cognatum,
1345 1296 1447 1347 altermu
1464 1298 1570 1348 alienum
1584 1279 1657 1363 atque

46 1380 149 1460 ιιλότριον
160 1377 203 1438 καὶ
212 1379 322 1439 ὀθνεῖον.
365 1374 409 1436 ἐπί
423 1374 471 1456 μὲν
484 1365 528 1434 οθν
539 1377 572 1454 τῇ
582 1377 627 1432 τοῦ
639 1371 734 1432 οἰκείου
749 1369 829 1451 ἔχθρορ
875 1387 1024 1434 extraneum.
1033 1383 1083 1446 jam
1097 1383 1227 1435 inimicitius
1243 1385 1305 1435 inter
1315 1385 1463 1436 necessarios
1483 1386 1584 1448 seditio,
1597 1386 1660 1438 inter

71 1468 141 1535 στάσις
155 1465 297 1547 κέκληται,
319 1464 364 1526 ἐπί
386 1462 415 1524 δέ
437 1468 531 1546 τῇτοῶ
550 1460 687 1543 άλλοτρίου
707 1458 829 1536 πόλεμος.
875 1473 1103 1523 extrancosbelium
1116 1476 1243 1524 vocantur.
1279 1472 1659 1542 [cn.]iiaudabreest,inquit,
1735 1478 1737 1484 '

70 1555 112 1619 isi
122 1553 186 1616 υἰδίν
198 1559 237 1636 γ’,
256 1554 322 1637 ἔφη,
340 1552 394 1614 dete
403 1551 502 1635 τρόπου
515 1550 608 1631 λέγεις.
651 1546 724 1628 ’θρα
740 1546 771 1619 δὴ
786 1544 832 1606 καί
876 1560 1015 1623 quoddicis.
1050 1560 1136 1626 [socru]
1148 1561 1211 1612 Vide
1222 1562 1302 1625 igitur,
1315 1577 1346 1612 en
1361 1565 1386 1614 et
1398 1564 1443 1615 boc
1455 1564 1485 1615 ad
1502 1579 1551 1616 rem
1560 1564 1658 1616 dicam:

71 1650 87 1706 εί
98 1647 147 1706 τόθι
155 1645 215 1727 πρὸς
228 1644 327 1727 τρόπου
338 1641 421 1722 λίγω·
432 1641 500 1724 φημὶ
511 1639 561 1722 γάρ
572 1639 603 1699 τθ
615 1637 662 1718 μὲν
677 1636 831 1710 Ἑλληνικὸν
845 1649 912 1713 cajo
932 1650 995 1700 enim
1018 1654 1116 1702 Graecos
1128 1665 1214 1701 omues
1233 1651 1333 1703 interae
1354 1655 1501 1704 necessarios
1517 1667 1571 1705 esse
1588 1661 1661 1719 utque

71 1735 126 1814 γένος
137 1735 194 1794 αθτίι
207 1737 280 1816 αὑτῶ
291 1737 384 1793 οἰκεῖον
397 1722 463 1791 εἶναι
477 1730 522 1790 καί
532 1726 663 1808 ξυγγενὲς,
676 1730 714 1808 τῷ
726 1725 752 1786 δέ
765 1729 829 1807 βαρ·
875 1734 990 1792 cognatos
1002 1769 1009 1792 ,
1022 1730 1129 1782 barbaris
1150 1737 1230 1782 autem
1247 1733 1336 1783 alienos
1351 1737 1423 1797 etque
1436 1737 1571 1784 extraneos.
1602 1734 1660 1799 [οι]

45 1848 60 1886 ιι
70 1825 151 1904 θαρικῷ
157 1821 251 1882 ὀθνεῖόν
258 1844 287 1880 τε
297 1820 344 1880 καί
350 1819 494 1900 α’λλότριον.
506 1821 602 1885 ίίαλῶς
609 1841 652 1896 γε,
662 1813 831 1897 ἔφηἝλλη·
876 1807 1091 1883 Braeciarqinquit.
1103 1820 1193 1886 [εοοκ]
1201 1821 1318 1881 Quotiens
1324 1822 1480 1884 igiturGraeci
1487 1824 1603 1874 adversus
1609 1822 1661 1874 bar·

71 1909 207 1992 ,2432‘2690
221 1901 831 1996 βαρὸάροιςκαίβαρὸιίρουςἝλλησιρτολεμεῖν
876 1908 1187 1962 barosveicoutraGraecos
1195 1911 1444 1976 barbaripugnabunt,
1452 1912 1540 1963 bellare
1550 1912 1661 1964 eosdice·
1743 1913 1745 1919 '

70 1997 212 2079 μαγομένους
222 2019 252 2056 τε
266 1993 438 2078 φήσομενκαὶ
450 1991 590 2070 πολεμίους
603 1989 679 2072 φύσει
692 1995 774 2066 εἰναι,
786 1989 831 2048 καί
877 2009 931 2048 mus
940 2001 965 2049 et
975 1998 1058 2050 hostes
1069 1985 1123 2050 ease
1132 2002 1229 2060 natura,
1240 2001 1313 2050 etbas
1324 1999 1460 2051 iuimicitias
1468 2001 1559 2053 beilum
1567 2001 1662 2052 scrobi·

70 2068 215 2163 τολερανιήν
226 2074 831 2166 ἔχθρανταότηνκλητέονἝλληναςδέἝλλη·
877 2099 931 2136 mus
946 2107 951 2136 :
969 2090 1067 2138 Graecos
1086 2101 1143 2138 uero
1161 2088 1276 2138 adversus
1295 2091 1393 2140 Graecos
1413 2089 1460 2139 taio
1471 2090 1529 2154 quid
1549 2090 1662 2141 iacientes

69 2199 107 2248 σιν,
117 2177 173 2234 όταν
184 2197 210 2233 τι
223 2178 327 2232 τοιοῦτο
342 2172 437 2254 δρῶσι,
448 2170 524 2252 φύσει
537 2168 583 2248 μέν
596 2169 684 2253 φίλους
695 2157 774 2240 εἶναι,
787 2188 830 2226 νο·
876 2174 983 2226 dicemus
996 2181 1080 2227 natura
1089 2176 1186 2241 quidem
1195 2177 1284 2229 amicos
1294 2192 1360 2240 esse,
1368 2178 1453 2228 morbo
1464 2183 1545 2230 autem
1555 2179 1663 2230 laborare

43 2273 111 2326 νοσεῖν
120 2263 140 2322 θ’
150 2265 174 2322 ἐν
188 2267 226 2345 τῷ
241 2259 351 2344 τοιούτῳ
363 2259 412 2332 τήν
425 2257 543 2322 Ἑλλάδα
556 2258 600 2318 καί
616 2256 774 2330 στασιάζειν,
785 2254 831 2314 καί
876 2264 901 2314 in
911 2264 956 2315 boc
970 2267 1088 2317 Graeciam
1099 2267 1124 2316 et
1133 2265 1249 2317 seditione
1261 2265 1358 2330 agitari,
1372 2270 1397 2319 et
1407 2267 1549 2318 seditionem
1564 2270 1609 2319 irus
1620 2267 1663 2319 iui-

68 2351 143 2410 στάσιν
155 2349 200 2422 τήν
210 2347 336 2422 τοιαὸιην
345 2347 443 2431 ἔχθραν
455 2345 573 2420 κλητέον.
614 2345 686 2427 Ἐγὼ
700 2344 757 2425 μέν,
770 2334 859 2428 {eqd
874 2353 975 2404 micitias
993 2354 1174 2418 appellabimus.
1208 2353 1270 2420 [cn]
1288 2356 1411 2406 Assentior
1426 2355 1554 2420 equidem,
1571 2357 1662 2424 inquit,

68 2442 180 2521 ουγγωρῶ
190 2437 260 2500 otto
270 2437 394 2516 νομίζειν.
437 2435 537 2498 Σκόπει
548 2433 594 2508 δή,
607 2426 688 2509 είπον,
702 2433 743 2494 ὁτι
754 2436 781 2493 ἐν
796 2438 829 2515 τῇ
874 2442 908 2492 ita
917 2442 1070 2493 statuendum
1092 2457 1153 2494 esse.
1189 2442 1275 2508 [οοοκ]
1296 2447 1350 2495 iam
1363 2445 1430 2506 vide,
1444 2445 1597 2508 inquam,in
1618 2461 1661 2508 eo,

67 2533 102 2588 νῦν
111 2525 301 2608 ὁμολογουμένῃ
309 2525 415 2604 στάσει,
429 2524 494 2585 ὁπου
505 2523 536 2584 ἄν
551 2548 576 2583 τι
586 2531 698 2584 τοιοῦτον
710 2523 830 2604 γίνηται,
875 2543 930 2594 qum
942 2544 1004 2581 nunc
1014 2533 1091 2582 vorari
1100 2533 1160 2583 solet
1171 2532 1271 2595 seditio,
1282 2547 1337 2583 cum
1347 2534 1395 2584 iaie
1404 2535 1462 2598 quid
1472 2535 1561 2586 eccidit
1572 2539 1597 2586 et
1605 2535 1663 2586 ciui·

67 2616 104 2676 καὶ
122 2619 210 2699 διαστῇ
238 2615 330 2694 πόλις,
351 2612 396 2676 eiu
420 2613 538 2695 ἑκάτεροι
560 2611 690 2695 ἑκατέροιν
705 2611 833 2692 τέμνωσιν
878 2621 916 2670 ras
925 2618 1042 2682 dissidet,
1059 2621 1079 2671 si
1094 2621 1220 2685 utriusque
1236 2621 1346 2672 factionis
1357 2623 1466 2674 homiues
1475 2623 1664 2674 adversariorum

39 2729 57 2767 te
68 2703 146 2787 ἀγροὺς
153 2705 197 2764 καί
208 2703 293 2773 οἰκίας
305 2706 481 2786 ἐμπιπρῶσιν,
491 2707 525 2771 ὡς
540 2700 711 2782 ἀλιτηριώδης
722 2725 752 2761 τε
766 2702 836 2760 δοκεῖ
879 2722 949 2771 egros
962 2713 1057 2762 uastant
1075 2710 1209 2773 dumosque
1220 2709 1365 2774 incendunt,
1378 2726 1452 2775 quem
1468 2713 1541 2777 impia
1556 2713 1664 2764 uideatur

67 2793 168 2863 ήστάσις
178 2783 258 2867 εἶναι,
271 2791 317 2852 καί
332 2790 460 2872 οὐδέτεροι
468 2790 730 2872 αὖτῶνφιλοπὸλιδες·
741 2791 769 2849 οὔ
784 2787 834 2869 γὰρ
880 2797 966 2848 seditio
977 2798 1116 2862 neumisque
1127 2798 1223 2849 illorum
1234 2800 1309 2863 patria
1320 2813 1374 2850 esse
1382 2813 1461 2864 curem
1469 2815 1591 2866 nunquam
1601 2803 1664 2854 enim

67 2883 93 2942 άν
109 2906 168 2943 ποτε
191 2883 310 2958 ἐτολμων
331 2880 380 2954 τὴν
400 2879 494 2964 τρορόν
511 2903 540 2940 τε
553 2878 714 2962 καὶμητέρα
732 2878 834 2960 κείρειν·
880 2885 1122 2937 auderentnutricem
1135 2890 1284 2952 matremque
1295 2889 1417 2952 scindere;
1430 2889 1473 2940 sed
1492 2891 1551 2940 satis
1562 2905 1629 2955 esse,
1642 2892 1663 2942 si

66 2971 124 3033 άλλίι
135 2971 236 3054 μέτριον
249 2962 385 3040 εἶναιτοὺς
398 2969 513 3052 καρποὺς
525 2971 691 3052 ἀφαιρεῖσθαι
705 2972 757 3036 τοῖς
770 2992 835 3049 κρα-
881 2975 984 3026 victores
995 2976 1087 3027 irucius
1098 2977 1208 3028 euiernut
1218 2978 1288 3028 victis
1298 2978 1323 3028 et
1335 2978 1367 3028 ite
1378 2979 1529 3042 existiment,
1541 2993 1589 3030 nou
1603 2993 1665 3031 sem·

65 3067 129 3121 τοῶσι
139 3065 188 3121 τῶν
201 3058 397 3142 κρατουμένων,
410 3057 456 3119 καί
471 3059 629 3118 διανοεῖσθαι
642 3061 678 3126 ὡς
690 3058 835 3136 διαλλαγη·
850 3066 867 3107 θ
882 3077 923 3128 uer
935 3078 961 3114 se
971 3065 1116 3128 bellaturos,
1126 3066 1170 3117 sed
1181 3066 1359 3131 quandoquein
1374 3067 1524 3118 concordiem
1539 3068 1666 3120 redituros.

33 3170 53 3208 νι
63 3151 167 3226 σομένων
181 3149 227 3210 καί
241 3148 340 3209 οθκιίεί
350 3144 562 3226 πολεμησόντων.
605 3144 678 3207 Πολὺ
687 3145 754 3228 γάρ,
772 3145 836 3227 ἔρη,
881 3151 942 3219 [οι]
954 3153 1031 3204 mutto
1040 3167 1097 3204 sane
1109 3155 1335 3220 mitiorurn,iuquit,
1345 3157 1397 3206 brec
1407 3157 1580 3220 estsententia,
1592 3173 1665 3223 quarn

64 3239 223 3320 ἡμερωτέρων
236 3235 443 3312 αθτηὴδιάνοια
458 3235 565 3308 ἐκείνης.
620 3233 836 3319 Τίδέδή;έιρην·
882 3241 930 3293 iiie.
963 3240 1053 3307 [soem]
1064 3243 1127 3301 Quid
1143 3245 1521 3311 verniquaeso20iniias,quam
1530 3248 1558 3297 tu
1568 3247 1664 3309 condis,

62 3329 90 3400 ἣν
100 3327 209 3388 σθπὸλιν
220 3327 341 3400 οἰκίζεις,
354 3328 404 3406 οὐχ
415 3323 539 3398 Ἑλληνίς
551 3322 639 3398 dorem
651 3330 698 3385 Δεῖ
708 3325 733 3403 γ’
746 3322 837 3397 αιἰιήν,
882 3344 960 3382 nonne
970 3335 1053 3383 Graeca
1063 3331 1124 3382 criti
1136 3329 1197 3397 [cn]
1208 3335 1359 3396 Necessario,
1370 3335 1456 3398 inquit.
1467 3334 1555 3401 [εοοκ]
1566 3340 1629 3399 Ergo
1641 3341 1667 3387 ct

64 3415 115 3498 ἔρη.
153 3418 259 3478 Οὐκοῶν
272 3413 624 3495 καίάγαθοίτεκαίήμεροι
638 3411 839 3494 ἔσονται;Σρό·
883 3419 939 3470 boui
952 3422 977 3471 et
986 3421 1058 3472 mites
1069 3425 1156 3472 eruut?
1171 3419 1231 3487 [cn]
1242 3423 1356 3474 Maxime.
1389 3423 1477 3488 [εοοκ]
1492 3428 1524 3475 At
1538 3425 1665 3475 nonamici

63 3505 104 3586 δρα
116 3530 152 3584 γε.
194 3505 266 3566 Ἀλλ’
273 3506 303 3564 οὗ
313 3503 475 3586 φιλέλληνες,
486 3499 544 3563 οθδέ
553 3503 651 3562 οἰκείαν
662 3501 710 3574 τήν
721 3501 839 3563 Ἑλλάδα
884 3511 1040 3560 Graecoruur?
1050 3523 1128 3573 neque
1135 3509 1255 3561 Grmcianu
1265 3511 1310 3560 eibi
1325 3512 1500 3562 necessitudine
1515 3513 1666 3575 conjunctam

34 3617 53 3656 ιι
62 3595 195 3673 ἡγήσονται
217 3592 279 3654 οὐδὲ
294 3591 494 3666 κοινωνήσουσιν
518 3583 604 3674 ὧνπερ
619 3595 642 3652 οἰ
656 3591 731 3650 ἄλλοι
744 3593 837 3673 ἱερῶν,
883 3597 1054 3648 existimabunt
1065 3603 1090 3650 et
1099 3597 1197 3660 eadem,
1207 3611 1262 3661 quee
1271 3599 1372 3664 reliqui,
1382 3599 1596 3650 sacrabebebunt?
1606 3599 1666 3664 [cn]

63 3683 109 3744 ίίαί
128 3684 230 3766 σρόδρα
251 3705 295 3762 γε.
342 3683 444 3744 Οὐκοῦν
466 3680 514 3754 τήν
536 3680 601 3761 πρδς
625 3678 683 3748 τοὺς
703 3677 839 3752 Ἕλληνας
882 3689 986 3740 Maxime
998 3688 1104 3752 quidem.
1119 3687 1204 3754 [soem]
1220 3692 1304 3752 ltaque
1321 3689 1507 3739 controversiam
1528 3703 1583 3738 cuna
1597 3693 1664 3740 Greu-

23 3773 187 3856 ςιιθιαρορδν,
201 3775 239 3841 ῶς
251 3770 376 3844 οἰκείους,
391 3769 482 3829 στάσιν
494 3769 637 3848 ἡγήσονται
651 3767 697 3827 καί
709 3766 767 3827 οὐδὲ
780 3770 840 3827 όνο-
852 3781 871 3823 a
883 3777 932 3840 cis,
943 3783 1066 3840 umquem
1078 3791 1133 3828 cum
1145 3777 1298 3838 necessariis,
1308 3777 1449 3828 seditionem
1460 3776 1580 3841 putabunt
1590 3789 1667 3840 neque

62 3861 165 3936 μάσουσι
178 3860 318 3940 πόλεμον,
330 3860 371 3921 Οὗ
384 3858 446 3939 γάρ.
490 3859 545 3919 Καὶ
558 3862 593 3926 ὡς
606 3855 840 3936 διαλλαγησόμενοι
885 3867 957 3918 eiiam
969 3865 1127 3916 nominabunt
1136 3865 1243 3917 beliumt
1254 3864 1314 3931 [cu]
1325 3865 1377 3916 Non
1391 3865 1557 3916 nominabunt.
1575 3865 1665 3932 [soem]

63 3947 107 4030 ἄρα
118 3949 280 4026 διοίσονται,
295 3946 373 4009 Πάνυ
389 3944 436 4025 μέν
453 3938 506 4008 cdv.
548 3946 671 4025 Εὐμενῶς
690 3942 721 4017 δή
736 3968 838 4027 σωρρο-
884 3959 948 4020 Ergo
956 3959 1070 4018 tanquam
1081 3954 1263 4006 ineoucordiam
1272 3955 1370 4007 redituri
1383 3954 1620 4021 dissidebuut?[cu.]
1632 3962 1667 4010 ita

34 4045 158 4116 ιονιοῦσιν,
183 4041 234 4099 οὐκ
255 4035 301 4098 ἐπί
318 4034 422 4117 δουλείᾳ
438 4029 657 4105 κολάζοντεςοθδ’
673 4034 714 4093 ἐπ’
729 4033 839 4117 ὀλέθρῳ,
885 4049 958 4096 certe.
969 4041 1057 4109 [soem]
1072 4047 1155 4107 ltaque
1167 4043 1285 4093 benevole
1300 4041 1466 4104 castigabunt,
1479 4057 1527 4093 non
1546 4045 1577 4094 ad
1595 4045 1667 4095 servi·

63 4125 369 4210 συρρονισταίὁντες,υιί
383 4122 513 4201 πολέμιοι.
556 4121 661 4196 Οὕτως,
677 4122 736 4205 ἔφη.
776 4124 839 4184 Οὐδ’
885 4138 961 4184 tutem
982 4138 1024 4183 aut
1045 4132 1165 4183 interitum
1184 4131 1324 4195 punientes,
1344 4133 1469 4194 tamquam
1489 4132 1520 4181 ad
1541 4128 1690 4184 sanitatem

63 4215 162 4295 ὁραιήν
180 4214 309 4278 Ἑλλάδα
326 4209 456 4287 Ἕλληνες
471 4211 540 4278 ὄντες
558 4217 675 4292 κεροῦσιν
693 4210 751 4270 οὐδὲ
766 4211 841 4284 οἰκή-
885 4221 1036 4283 reductores,
1050 4222 1200 4271 nonbostes.
1232 4219 1449 4286 [cc.]lta,inquit.
1483 4220 1571 4285 [εοοκ]
1586 4225 1668 4286 Neque

63 4327 106 4373 σεις
115 4305 304 4386 ἐμπρήσουσιν
318 4301 377 4362 οὐδὲ
395 4299 600 4381 ὁμολογήσουσιν
614 4302 640 4359 ἐν
654 4299 752 4380 ἑκάστη
767 4301 842 4360 πόλει
886 4325 941 4374 ergo
950 4311 1082 4371 Graeciam,
1094 4324 1150 4361 cum
1162 4311 1241 4361 Grerci
1253 4311 1315 4372 sint,
1325 4309 1435 4360 scindent
1448 4323 1524 4373 neque
1536 4309 1620 4361 domos
1634 4311 1667 4360 iu·

63 4391 150 4461 πάντας
166 4391 284 4476 ἐχθροὺς
297 4394 385 4457 αίιτοῖς
400 4379 479 4462 ε’ίναι,
494 4387 540 4448 καί
554 4387 649 4470 ἄνδρας
663 4387 708 4448 καί
718 4395 842 4467 γυναῖκας
886 4399 988 4450 cerrdeut
997 4413 1074 4463 neque
1086 4398 1205 4464 putabunt
1217 4398 1243 4448 in
1263 4399 1364 4460 singuiis
1375 4397 1514 4448 civitatibus
1523 4413 1606 4450 onmes
1622 4399 1668 4449 sibi

37 4483 98 4540 cut
109 4485 219 4556 παῖδας,
232 4482 297 4541 ἀλλ’
308 4478 408 4558 ὀλίγους
423 4476 464 4536 εἰεί
480 4475 601 4558 ἐχθροὺς,
615 4475 673 4546 τοὺς
687 4475 784 4545 αἰτίους
796 4481 843 4550 τῆς
853 4471 875 4535 b
885 4487 994 4540 inimicos
1005 4501 1070 4546 esse,
1080 4491 1105 4537 et
1123 4489 1187 4538 uiros
1204 4489 1229 4537 et
1246 4487 1358 4537 mulieres
1376 4489 1400 4538 et
1414 4500 1514 4550 pucros,
1526 4487 1569 4537 sed
1578 4501 1668 4550 paucos

63 4571 187 4654 θιαρσρᾶς,
199 4569 250 4629 καί
258 4567 306 4628 διδ
315 4571 398 4627 ταῦτα
410 4563 497 4626 πάντα
511 4563 625 4638 οὔτετὴν
633 4569 681 4645 γῆν
692 4565 842 4638 ἐθελήσουσι
886 4589 981 4641 semper
990 4551 1111 4637 inimicos,
1120 4575 1213 4646 dissidii
1224 4577 1350 4637 auctores,
1361 4580 1386 4625 et
1394 4575 1426 4625 ob
1435 4575 1488 4626 haec
1497 4577 1577 4626 omnia
1590 4591 1668 4640 ueque

62 4659 142 4740 κείρειν
157 4660 263 4731 αὐτῶν,
277 4660 313 4723 ὡς
325 4655 406 4737 φίλων
420 4657 471 4714 τῶν
486 4655 601 4727 πολλῶν,
618 4652 676 4713 οὔτε
691 4653 773 4723 οἰκίας
783 4658 843 4714 άναὲ
887 4679 956 4728 agros
973 4663 1134 4716 devastabunt
1155 4676 1253 4725 eorum,
1278 4667 1401 4727 tamquam
1423 4664 1553 4713 maximnm
1574 4670 1667 4728 purtem

62 4749 161 4826 τρέπειν,
174 4745 250 4808 etit
266 4743 349 4826 μέχρι
367 4741 458 4802 τούτου
473 4741 626 4815 ποιήσονται
642 4741 690 4814 τήν
709 4742 842 4826 διαρορδιν,
887 4755 1121 4818 οιιιὶοοτυιιι,υοηοο
1131 4752 1400 4813 domoecnerteut‚sed
1412 4765 1524 4816 eousque
1533 4754 1668 4817 certabunt,

62 4836 129 4920 μέχρι
142 4828 173 4898 οὗ
189 4835 223 4897 διν
238 4839 266 4895 oi
282 4833 363 4893 αἰτιοι
380 4833 579 4908 ἀναγκασθῶσιν
593 4830 644 4891 θπδ
654 4835 705 4890 τῶν
720 4831 842 4892 άναιτίιον
887 4842 966 4908 quoad
977 4847 1087 4894 euctores
1097 4841 1127 4892 ab
1142 4841 1276 4892 insontibus
1286 4839 1368 4891 doiore
1377 4839 1469 4890 aiiectie
1481 4851 1565 4904 poenas
1574 4843 1668 4896 solvere

36 4927 199 5004 ιιίλγσόντων
227 4927 325 4986 δοῦναι
351 4921 433 4994 δίκην.
475 4919 548 4996 Ἐγὼ
569 4918 626 4998 μὲν,
641 4919 704 5004 έρη,
726 4924 845 5003 ὁμολογῶ
889 4935 1011 4996 cogantur.
1043 4928 1104 4997 [οι]
1113 4931 1237 4982 Assentior
1254 4928 1530 4992 equidem‚inquit,ita
1545 4943 1599 4982 esee
1610 4932 1667 4984 civi·

62 5013 119 5074 dm
129 5015 182 5075 δεῖν
201 5012 276 5096 πρὸς
291 5009 352 5078 τοὺς
366 5008 495 5077 ἐναντίους
509 5007 568 5076 τοθι
581 5008 723 5092 ἡμετέρους
737 5008 845 5080 πολίτας
888 5021 936 5074 bus
945 5021 1033 5072 nostrie
1044 5034 1099 5070 cum
1110 5015 1394 5080 adversariisagendunr',
1405 5015 1578 5070 cumbarbmie
1587 5024 1667 5072 autem

62 5103 247 5186 προσρέρεσθαι
253 5148 265 5174 ,
284 5097 351 5181 πρὸς
362 5096 390 5158 δὲ
404 5095 462 5166 τοθς
475 5095 624 5179 βαράοίρους
637 5102 671 5166 ῶς
686 5104 731 5158 νῦν
740 5101 764 5158 οἱ
774 5095 845 5160 ‘'Ei-
888 5108 973 5171 ite,ut
990 5120 1055 5157 nunc
1071 5106 1149 5158 Greci
1162 5118 1219 5155 eum
1230 5104 1412 5168 Greeeisagunt.
1445 5103 1668 5171 [socn.]Ponamus

63 5191 126 5264 ληνες
144 5191 211 5274 πρὸς
232 5190 379 5260 ἀλλήλους.
425 5190 547 5266 Ίίθῶμεν
568 5185 608 5259 δή.
622 5187 667 5246 καί
687 5191 777 5248 τοῦτον
799 5187 844 5248 τδν
888 5197 960 5261 igitur
979 5197 1041 5247 banc
1057 5207 1154 5259 quoque
1173 5193 1250 5258 legem
1269 5193 1558 5260 commoneamque
1573 5203 1669 5271 restent

62 5279 130 5357 νόμον
160 5290 216 5350 τοῖς
242 5275 360 5363 φύλαξι,
386 5273 453 5355 μήτε
473 5279 522 5357 γῆν
547 5273 650 5354 τέμνειν
674 5275 741 5356 μήτε
764 5275 847 5345 οἰκίας
860 5292 877 5335 c
889 5299 956 5349 agros
968 5297 1046 5349 neque
1058 5282 1313 5350 aedificia-incendant?
1326 5277 1526 5349 [cn.]Ponamue,
1538 5283 1629 5348 inquit,
1643 5289 1668 5339 et

147 5405 234 5444 innato.
255 5402 289 5440 it.
1539 5379 1553 5421 7
