3850 5848
85 441 213 524 pam.)
734 417 865 502 anons.
889 439 962 500 nra.
985 437 1051 502 ιιι.
1641 451 1699 503 no

81 575 187 658 γυναικί
202 577 227 637 δ’
242 573 337 645 έξέστω
351 575 472 657 ἐλευθέρᾳ
488 583 628 658 μαρτυρεῖν
645 574 691 635 καλ
705 583 867 656 συνηγορεῖν,
917 592 991 630 eausa
1013 591 1043 629 ne
1058 578 1127 629 terto.
1147 578 1243 630 mulieri
1257 581 1339 630 antem
1353 581 1447 632 iieitum
1467 583 1520 634 esto
1540 582 1621 634 tiberne
1632 583 1701 636 testi·

85 667 132 728 έδν
144 667 210 749 ὑπέρ
222 665 414 745 τετταράκοντα
427 665 472 738 έτη
484 655 502 746 ᾖ
514 672 644 743 γεγονυῖα,
659 665 704 724 καί
718 665 791 737 δίκην
806 669 870 742 λαγ-
915 674 980 724 bosri
990 677 1014 724 et
1024 686 1073 724 una
1084 687 1180 724 οαυειιιιι
1191 673 1286 736 disere,
1297 675 1317 723 si
1329 675 1487 739 quadraginta
1503 691 1578 730 anuos
1587 657 1699 743 excessit,

81 757 183 838 χάνειν,
210 756 254 816 ito
280 755 404 836 ἄνανδρος
433 747 464 833 ᾗ·
490 758 584 825 ζῶντος
609 753 636 814 δέ
658 752 749 836 άνδρδς
775 753 870 824 ἐξέστω
915 771 940 818 et
955 767 1326 828 iitemintendere‚sinraritum
1339 769 1492 820 nonhabet:
1507 771 1702 824 virentemarito

84 851 253 928 μαρτυρῆσαι
269 845 359 924 μόνον.
375 845 455 926 δοιίλη
470 844 497 903 δέ
512 843 557 904 καί
571 843 655 926 δούλῳ
668 846 715 905 καί
731 846 806 904 παιδί
825 846 872 928 φοί·
916 865 1013 912 tanturn
1034 862 1200 912 testimonium
1217 862 1297 914 dicere
1310 863 1402 913 tieitum
1418 867 1479 914 esto.
1493 879 1569 916 serrae
1583 871 1665 918 nutem
1679 873 1704 920 et

50 963 63 1002 ι
83 960 130 996 νου
152 936 229 1012 μόνον
247 934 343 1005 stim
362 934 504 1016 μαρτυρῑῗν
523 933 570 993 καί
586 943 748 1015 συνηγορεῖν,
764 934 808 994 ἐὰν
828 937 871 1016 ἐγ·
884 936 1019 1006 bseruoet
1031 969 1106 1020 puero
1121 956 1152 1007 de
1163 957 1229 1008 erede
1240 960 1335 1008 tanturn
1345 958 1439 1009 tioiturn
1449 961 1501 1009 esto
1509 961 1633 1012 testificari
1644 977 1705 1012 una·

83 1023 184 1103 Υνητῖλν
209 1022 349 1105 ἅίῖόχρῑων
373 1014 391 1096 ἦ
416 1021 469 1100 θλ*
491 1029 577 1100 μενεῖν
605 1023 761 1104 καταπέσῃ
790 1023 873 1104 μίλίῑ
916 1064 965 1114 qne
978 1049 1180 1112 oaussmdieere‚
1200 1051 1293 1101 sirade
1310 1052 1431 1115 locuplete
1449 1052 1507 1103 dato
1529 1039 1605 1104 tidem
1622 1054 1707 1105 ieoerit

85 1114 174 1187 34³⁰in
189 1111 235 1174 ἐὰν
252 1115 403 1193 ἐπισκηφθῇ
415 1110 449 1170 τὰ
471 1113 554 1194 ψευδῆ
570 1116 746 1194 μαρτυρῆσαι·
763 1112 871 1185 {mi
917 1159 993 1207 usque
1005 1143 1035 1194 ad
1045 1144 1162 1207 iudicium
1173 1159 1199 1196 ee
1210 1159 1366 1210 mansurum,
1380 1147 1463 1197 sitnbi
1472 1147 1602 1198 testimonii
1614 1149 1708 1199 crimen

83 1206 196 1262 πίεσθαι
208 1200 236 1260 δὲ
257 1205 308 1261 τῶν
332 1199 470 1260 ἀντιδίκων
486 1200 608 1283 ἑκάτερον
623 1199 671 1282 ὅλῃ
686 1206 719 1282 τῇ
741 1202 873 1283 μαρτυρίᾳ
918 1238 1042 1301 objectum
1060 1238 1106 1290 sibi
1120 1239 1201 1290 tuerit.
1214 1239 1314 1302 objiciat
1328 1243 1411 1291 autern
1425 1241 1570 1304 litterarium
1591 1244 1708 1295 alteruter

84 1291 133 1350 seori
154 1289 242 1372 μέρει,
265 1289 310 1352 έδιν
325 1288 358 1350 τά
382 1292 465 1372 ψευδῆ
487 1295 523 1374 ρῇ
544 1290 604 1350 τινά
623 1315 760 1372 μεμαρτυρ

762 1293 870 1364 ’istm‘
917 1336 962 1385 toti
972 1335 1110 1386 testimonio
1121 1339 1146 1386 et
1158 1336 1234 1400 parti,
1247 1336 1266 1387 si
1285 1337 1372 1386 falsum
1384 1337 1552 1389 testimonium
1565 1338 1654 1390 dixisse
1662 1339 1707 1390 ati-

45 1395 71 1435 10
84 1379 148 1461 πρὶν
157 1379 205 1453 τὴν
219 1379 294 1454 δίκην
307 1379 496 1459 διακεκρίσθαι.
511 1379 558 1447 τὰς
569 1379 591 1438 δ’
604 1381 758 1463 έπισκήψεις
771 1379 818 1448 τδις
830 1383 874 1462 άρ-
1116 1432 1122 1444 ,
1418 1433 1423 1444 Ι
1474 1434 1488 1446 ..
1525 1434 1531 1446 ρ
1647 1435 1652 1446 Ι

84 1471 137 1551 χρ,
150 1467 288 1552 φυλάττῃ,
302 1468 578 1546 κατασεσημασμένας
591 1470 635 1527 ὑπ,
649 1469 805 1549 dmm,
819 1492 875 1527 m-
918 1443 991 1494 quem
1011 1430 1148 1538 oontendrt,
1168 1434 1299 1538 antequam
1320 1436 1437 1540 causaest
1455 1433 1596 1540 dpnrlroate.
1612 1434 1708 1498 objecta

85 1558 174 1640 ρέχιιν
195 1561 231 1626 εἷς
245 1555 293 1629 τὴν
307 1560 360 1616 τῶν
373 1558 606 1639 ψευδομαρτυριῶν
625 1557 764 1638 διάκρισιν.
779 1557 824 1617 έδιν
846 1553 875 1616 δέ
920 1528 1153 1633 νείῗ,ωῧῦ”ί“ωῗ
1170 1527 1307 1634 ω’ίοὼίῗί
1324 1527 1448 1632 ⁰bf¹3¹¹³⁸⁸
1462 1528 1494 1578 δέ)
1508 1531 1616 1634 'simque
1636 1529 1709 1636 ,θίθιί

946 1621 1035 1670 diorum
1050 1621 1081 1671 de
1094 1620 1159 1671 iatsrs
1167 1623 1311 1672 testimoniis
1320 1621 1455 1672 iaciendum
1468 1622 1606 1673 extubeant.
1622 1637 1642 1672 αι
1654 1624 1709 1687 quis

84 1672 126 1715 τις
136 1648 192 1730 ἁλῷ
205 1648 241 1714 δίς
250 1647 482 1728 ψευδομαρτυρῶν,
495 1652 584 1706 τοῦτον
598 1645 693 1725 μηκέτι
702 1645 780 1724 νόμος
791 1652 875 1724 ἀναγ-
890 1635 943 1708 clu
1031 1716 1037 1728 ,
1123 1715 1129 1726 ,
1288 1716 1294 1728 ,
1356 1717 1361 1728 Ι
1422 1716 1436 1728 ..

85 1735 189 1806 ,αζρτω
208 1733 299 1812 μηρεγς
313 1738 465 1815 μαρτυρῶ,
480 1735 524 1795 gp„
539 1735 566 1794 δὲ
587 1735 642 1816 τρὶ,
670 1737 764 1813 μηκέτι
779 1734 875 1804 gam
921 1716 1002 1765 autem
1014 1714 1185 1766 breconrrctus
1196 1719 1232 1766 ost
1243 1716 1295 1766 fater
1308 1719 1514 1777 testimonu,euru
1531 1718 1708 1782 nullaarupiius

45 1849 70 1888 rs
85 1825 172 1907 τούτῳ
197 1831 353 1906 μαρτυρεῖν·
376 1823 421 1883 tis
444 1823 473 1884 δὲ
492 1824 614 1903 τολμήστ,
634 1783 803 1906 ρίτρττρῆσα,
821 1823 876 1906 ,ρης
920 1807 959 1860 lex
968 1808 1235 1870 cogito,testimonium
1245 1807 1333 1870 dicere,
1346 1808 1368 1858 si
1376 1811 1422 1870 ter,
1432 1823 1463 1860 ne
1471 1811 1575 1873 amptius
1584 1811 1606 1862 ei
1617 1812 1709 1863 tioitum

84 1901 225 1987 ίαλωκὼίι
240 1913 394 1974 ἐνδεικνύτω
409 1913 456 1992 μὲν
470 1914 535 1996 πρὸ(
549 1891 725 1996 τθνίᾶίλῖλνδ
744 1915 876 1996 βουλόμτ.
920 1903 972 1952 esto
983 1903 1125 1965 testiitosri;
1146 1903 1166 1952 si
1188 1916 1245 1954 vero
1259 1916 1334 1954 ansus
1352 1903 1425 1954 tuerit
1437 1903 1558 1955 testificari
1574 1908 1611 1956 ter
1625 1907 1708 1956 oonri·

85 2027 129 2070 νος
148 2002 238 2082 αὐτὸν,
261 2006 279 2074 ἡ
296 2003 318 2062 δ’
335 2003 405 2084 ἀρχὴ
421 2004 582 2085 δικαστηρίῳ
601 2004 760 2084 παραδότω,
782 2003 827 2070 ἐὰν
849 2001 876 2063 δὲ
922 1999 992 2059 otus,
1005 1999 1047 2062 qui
1059 1998 1127 2049 votet
1144 1999 1175 2049 ad
1187 2001 1353 2063 magistratum
1363 2013 1418 2050 eurn
1427 1999 1536 2062 deierto,
1552 2001 1706 2066 magistratus

87 2091 174 2173 ὄφλῃ,
198 2093 302 2172 θανάτῳ
327 2091 489 2170 ζημιούσθω,
514 2092 618 2152 ὁπόσων
640 2091 662 2151 δ’
683 2093 716 2153 ἂν
737 2092 878 2176 μαρτυρίαι
922 2094 1004 2142 &utem
1017 2091 1110 2155 judicio
1121 2105 1178 2142 euin
1195 2092 1300 2155 tradito,
1318 2106 1393 2156 ttqtto
1403 2093 1578 2144 condemnatus
1591 2095 1610 2144 Si
1623 2095 1711 2158 fuerit,

86 2182 173 2240 ἁλῶσι
188 2181 247 2262 δίκῃ
265 2183 348 2263 ψευδῆ
363 2181 492 2252 δοξάντων
508 2187 650 2264 μαρτυρεῖν
669 2182 716 2242 καὶ
733 2182 781 2256 τὴν
803 2183 876 2257 νίκην
924 2190 1003 2237 nrorte
1018 2185 1139 2250 plectitor.
1160 2199 1265 2250 quorum
1286 2188 1369 2237 autem
1391 2187 1547 2249 testimonia,
1570 2201 1627 2238 curn
1651 2187 1711 2238 iatsa

45 2297 73 2334 oo
86 2273 126 2352 τῷ
143 2269 227 2330 ἑλόντι
244 2269 431 2344 πεποιηκέναι,
444 2268 490 2328 ἐὰν
504 2273 556 2330 τῶν
578 2269 702 2329 τοιούτων
715 2269 781 2353 ὑπὲρ
794 2270 878 2349 ἥμισυ
922 2277 1002 2327 dioere
1018 2276 1062 2327 visi
1076 2277 1125 2327 sint
1135 2315 1142 2339 ,
1153 2277 1244 2339 jndicio
1262 2277 1376 2330 eonviota
1388 2279 1478 2330 tuerint
1492 2281 1565 2330 etiam
1585 2281 1710 2332 victoriam

87 2362 239 2440 μαρτυριῶν
251 2358 465 2419 καταδικασθῶσί
475 2382 550 2431 τινες,
559 2357 607 2432 τὴν
615 2358 685 2419 κατὰ
695 2359 792 2429 ταύτας
803 2361 908 2427 tion-d
921 2366 1040 2430 peperisse
1052 2379 1151 2417 eausam
1161 2367 1294 2432 obtinenti,
1307 2368 1393 2419 tatium
1409 2369 1429 2420 si
1452 2369 1647 2421 testimoniorum
1667 2385 1711 2421 nu·

86 2471 138 2507 σαν
153 2448 228 2520 δίκην
247 2447 369 2508 ἀνάδικον
391 2449 537 2528 γίγνεσθαι·
553 2448 751 2530 άμρισάήτησιν
776 2449 798 2509 δ’
811 2440 880 2510 εἶναι
924 2469 993 2505 mero
1005 2455 1128 2505 dimidiam
1144 2459 1237 2519 partem
1247 2460 1376 2520 superante
1390 2459 1467 2523 aliqui
1475 2457 1629 2510 condemnati
1639 2463 1712 2523 suut,

87 2538 136 2598 καὶ
149 2538 324 2611 διαδικασίαν,
338 2537 389 2598 εἴτε
402 2537 471 2597 κατδι
482 2537 579 2607 ταύτας
591 2538 643 2598 sira
658 2540 695 2616 μὴ
709 2544 726 2612 ἡ
740 2539 800 2613 δίκη
811 2541 880 2620 ἐκρῖ·
924 2559 997 2595 eausa
1011 2545 1144 2595 secuudum
1164 2546 1217 2596 trreo
1238 2546 1336 2597 interior
1350 2546 1458 2610 iudicata
1467 2547 1556 2599 iterum
1573 2548 1712 2611 iudicetur;

87 2633 139 2706 θη,
164 2629 293 2711 ὁποτέρως
314 2629 339 2686 δ’
353 2627 386 2689 διν
402 2633 498 2711 κριθῇ,
514 2629 597 2709 ταύτῃ
614 2629 742 2708 γιγνέσθω
758 2631 788 2691 τὸ
807 2629 881 2701 τέλος
924 2635 1060 2698 ambigatur
1081 2638 1163 2685 autem
1182 2638 1207 2686 et
1227 2635 1383 2700 disceptetur,
1401 2641 1484 2688 utrum
1504 2638 1638 2688 seeundum
1657 2638 1710 2689 haeo

44 2737 72 2777 ns
87 2720 142 2775 τῶν
154 2715 299 2796 ἔμπροσθεν
314 2717 405 2779 δικῶν.
420 2720 531 2779 Πολλῶν
548 2718 574 2777 δέ
589 2717 672 2778 ὄντων
687 2719 733 2778 καί
747 2723 836 2781 καλῶν
852 2723 878 2780 έν
925 2736 1002 2773 necno
1013 2737 1085 2773 cause
1103 2725 1134 2773 sit
1150 2723 1267 2787 judicata,
1288 2727 1314 2775 et
1329 2727 1410 2775 utram
1430 2725 1455 2775 in
1469 2728 1562 2789 partem
1575 2725 1713 2788 judicatum

86 2807 128 2884 τῷ
139 2808 191 2864 τῶν
206 2805 349 2886 ἀνθρώπων
363 2805 412 2888 βίῳ
426 2813 478 2874 ταῖς
492 2806 625 2874 πλείστοις
638 2809 724 2867 αὐτῶν
736 2799 790 2874 οἷον
801 2813 881 2890 κῆρες
926 2811 1011 2874 inerit,
1026 2812 1061 2862 ita
1073 2812 1127 2863 tinis
1142 2813 1262 2875 prioribus
1271 2812 1368 2875 jndioils
1385 2814 1525 2878 impunitos.
1539 2814 1619 2866 Multa
1632 2816 1714 2865 autem

87 2893 582 2976 ἐπιπεφύκασιν,αίκαταμινίνοοτίτε
595 2897 881 2980 καὶναταρρνπνῖνοο-
926 2913 982 2950 cum
997 2902 1114 2964 preclara
1137 2901 1222 2952 sintin
1246 2901 1373 2952 Ιιουιίουιιι
1393 2901 1461 2963 vita,
1488 2901 1609 2965 plerisque
1628 2913 1714 2952 eorum

87 3007 131 3043 σιν
146 2981 223 3043 αὐτά.
239 2983 285 3043 καί
299 2981 330 3056 δὴ
344 2984 389 3043 καί
400 2984 459 3057 δίκη
474 2986 501 3042 έν
513 2984 657 3066 ἀνθρώποις
673 2989 728 3053 πῶς
743 2989 772 3046 οὐ
788 2988 880 3061 καλὸν,
926 2991 995 3054 qussi
1009 2993 1088 3054 postes
1099 2991 1223 3042 adbaerent
1240 2995 1345 3052 natura,
1362 3005 1418 3054 quae
1427 2992 1593 3041 contaminant
1603 2993 1666 3041 eset
1677 2991 1712 3040 in·

86 3073 103 3133 δ
116 3073 205 3132 πάντα
216 3075 338 3155 ἡμέρωκε
350 3071 383 3132 rii
396 3073 544 3156 ἀνθρώπινα
553 3098 561 3147 ;
571 3077 654 3134 καλοῦ
667 3075 694 3135 δὲ
706 3075 779 3144 ὄντος
789 3076 880 3137 τούτου
896 3104 913 3146 e
927 3080 1129 3144 opinantesque
1142 3081 1216 3131 etiarn
1235 3081 1275 3144 jus
1287 3081 1350 3132 inter
1364 3081 1472 3156 nomines
1492 3080 1577 3145 quidni
1595 3093 1633 3130 res
1651 3092 1715 3144 prae·
1814 3077 1817 3084 '

45 3191 73 3227 νυ
89 3167 149 3231 πῶς
161 3164 190 3222 οὐ
202 3165 247 3222 καί
261 3163 292 3222 τδ
305 3162 431 3232 ξυνδικεῖν
445 3164 507 3240 ἡμῖν
523 3163 629 3242 γίγνοιτ’
642 3163 674 3224 ἂν
696 3165 793 3239 ναλόν;
806 3169 880 3226 ταῦτ’
927 3168 992 3217 ctare
1001 3206 1008 3231 ,
1018 3183 1074 3234 qum
1085 3169 1282 3220 hnmanaornuia
1291 3171 1466 3222 mansuefecit?
1478 3169 1623 3234 praeclarum
1632 3170 1714 3220 autem

87 3242 137 3312 οὖν
148 3257 257 3310 τοιαῦτα
269 3249 333 3310 ὄντα
344 3250 455 3322 διαθολή
470 3274 508 3320 τις
521 3251 608 3327 κακὴ,
621 3251 702 3312 καλὸν
716 3253 798 3332 ὄνομα
817 3277 881 3335 προ·
927 3257 974 3308 boo
982 3258 1002 3308 si
1016 3261 1066 3322 est,
1080 3259 1165 3323 quidni
1176 3259 1248 3310 etism
1257 3257 1387 3310 detondere
1399 3259 1505 3322 aliquem
1516 3259 1540 3310 in
1549 3259 1641 3322 iudicio
1653 3272 1716 3323 pree·

88 3339 247 3417 στησαμένη
261 3338 368 3420 τέχνην,
381 3339 398 3412 ἣ
412 3342 514 3419 πρῶτον
530 3339 577 3418 μέν
597 3341 629 3415 δή
644 3364 721 3423 φησιν
743 3333 809 3401 εἶναί
822 3367 881 3403 τινα
929 3347 1022 3397 olerum
1031 3361 1082 3398 esse
1093 3349 1223 3399 dieamus?
1236 3351 1288 3399 tneo
1297 3349 1369 3411 igitur
1380 3347 1414 3397 ita
1426 3351 1567 3412 comparata
1581 3348 1714 3398 estaminia·

88 3431 172 3489 δικῶν
193 3429 326 3509 μηχανὴν,
342 3419 408 3488 εἶναι
431 3429 453 3488 δ’
469 3428 534 3502 αὐτὴ
558 3436 603 3489 τοῦ
618 3455 646 3491 τε
665 3431 822 3491 δικάσασθαι
836 3432 882 3491 καλ
928 3437 977 3487 trix
1000 3437 1114 3501 quaedam
1132 3441 1169 3488 est
1188 3439 1265 3500 mata,
1283 3437 1385 3502 puiobro
1408 3437 1467 3487 artis
1485 3438 1583 3488 nomine
1598 3438 1716 3501 protecta,

89 3518 218 3590 ξυνδικεῖν
238 3517 312 3601 άλλυρ
325 3528 398 3598 νικᾷν
413 3515 570 3596 δυναμένην,
588 3518 619 3578 άν
638 3519 661 3579 τ’
677 3511 720 3578 οὖν
744 3520 833 3579 δίκαια
848 3519 880 3578 άν
928 3537 984 3587 quse
998 3527 1102 3588 primunr
1114 3529 1210 3577 exstare
1223 3526 1344 3590 quoddam
1354 3525 1714 3589 dioitjudioiorumartitioium,

43 3639 71 3680 ατ
88 3632 122 3668 τε
138 3609 176 3685 μὴ
189 3607 222 3668 et
234 3607 294 3689 περλ
308 3607 357 3680 τὴν
371 3608 445 3681 δίκην
460 3609 574 3681 ἑκάστην
593 3601 611 3690 ἦ
623 3608 811 3690 πεπραγμένα·
833 3613 883 3668 δω·
928 3629 955 3666 se
969 3628 1026 3665 vero
1035 3618 1111 3666 artem
1121 3630 1172 3666 esse
1181 3616 1235 3678 jure
1246 3615 1332 3679 agendi
1339 3617 1464 3679 aliumque
1474 3615 1617 3666 defendendi
1631 3616 1675 3677 its,
1688 3618 1716 3666 ut

32 3695 157 3779 933ρεδιν
169 3697 192 3756 δ’
206 3699 286 3770 αὐτῆς
301 3687 366 3756 εἶναι
381 3700 427 3768 τῆς
442 3696 536 3778 τέχνης
550 3696 596 3757 καί
610 3701 661 3756 τῶν
678 3699 762 3778 λόγων
783 3701 835 3756 τῶν
854 3702 884 3757 ἐκ
897 3717 915 3758 ιι
930 3705 1030 3755 νίιιτειε
1048 3705 1134 3768 possit,
1144 3706 1195 3756 sire
1208 3707 1274 3769 justa
1284 3706 1334 3757 sire
1349 3703 1438 3768 injusta
1450 3706 1499 3756 sint
1510 3718 1565 3770 qum
1574 3706 1677 3770 quisque
1691 3706 1716 3755 in

87 3791 141 3858 τῆς
155 3784 265 3866 τέχνης,
282 3783 313 3845 δν
329 3786 503 3867 ἀντιδωρῆταί
517 3811 556 3855 τις
570 3787 710 3868 χρήματα·
728 3786 826 3861 ταύτην
839 3777 883 3848 οἰίν
926 3793 966 3856 tus
980 3797 1080 3843 vocatus
1095 3793 1193 3856 iecerit,
1208 3808 1236 3844 eo
1248 3798 1329 3845 antem
1341 3794 1407 3845 dono
1426 3795 1486 3846 artis
1503 3795 1579 3858 ipsius
1594 3796 1620 3845 et
1630 3795 1718 3845 oratio·

89 3879 120 3936 έν
143 3881 176 3956 τῇ
200 3875 265 3956 παρ’
279 3882 342 3954 ἡμῖν
360 3875 453 3950 πόλει,
471 3875 517 3936 εἴτ’
538 3868 582 3937 οὖν
605 3876 685 3957 τέχνη
700 3877 752 3936 εἴτε
775 3877 884 3958 άτεχνάς
929 3896 989 3932 num
1006 3895 1037 3932 ex
1050 3885 1103 3933 arte
1114 3883 1315 3946 proficiscentium
1332 3884 1399 3934 beari
1418 3885 1438 3935 si
1457 3884 1511 3948 quis
1528 3883 1632 3935 uicissim
1644 3883 1719 3934 donet

88 3963 151 4026 ἔστί
172 3988 211 4033 τις
231 3963 356 4044 ἐμπειρία
370 3963 416 4024 καί
430 3965 523 4046 epidi,
546 3967 661 4044 μάλιστα
681 3966 728 4044 μὲν
745 3965 777 4038 δὴ
797 3966 883 4048 χρεών
933 3973 1071 4035 pecuniam.
1092 3973 1145 4022 timo
1164 3973 1236 4036 igitur
1252 3975 1277 4023 iu
1291 3977 1371 4024 nosira
1383 3974 1495 4034 civitate,
1510 3974 1561 4025 sive
1573 3988 1611 4025 ars
1623 3975 1719 4026 estsine

41 4077 71 4114 so
88 4059 150 4116 ἔστι
170 4053 206 4132 μὴ
228 4059 318 4136 ρῶναι·
341 4053 462 4130 δεομένου
479 4053 505 4113 δέ
529 4060 574 4113 τοῦ
589 4054 727 4131 νομοθέτου
750 4056 884 4114 πείθεσθαι
929 4075 1016 4123 erpere
1027 4061 1087 4112 artis
1102 4061 1186 4125 peritia
1204 4063 1316 4125 quandam
1331 4067 1357 4113 et
1372 4063 1530 4125 exercitatio,
1544 4075 1602 4113 sane
1613 4063 1719 4114 maxime

87 4144 141 4204 καί
157 4141 195 4220 μὴ
208 4141 311 4202 ἐναντία
325 4140 384 4222 δίκῃ
397 4141 571 4224 φθέγγεσθαι,
583 4144 647 4224 πρὸς
660 4144 743 4218 ἄλλην
757 4145 783 4203 δέ
796 4147 883 4204 άπαλ-
929 4150 1026 4213 quidem
1039 4164 1101 4214 opus
1113 4153 1151 4202 est
1161 4165 1285 4214 nunquam
1296 4153 1410 4214 exsistat;
1426 4153 1525 4216 rogante
1535 4153 1616 4202 autern
1628 4151 1719 4215 tegista-

87 4232 238 4292 λάττεσθαι
252 4230 353 4312 χώραν,
372 4231 533 4309 πειθομένοις
549 4234 597 4310 μὲν
612 4233 687 4312 σιγὴ,
710 4236 844 4293 ἀπειθοῦσι
856 4233 883 4293 δέ
933 4241 1000 4300 ίοιε,
1016 4242 1044 4290 ut
1059 4240 1174 4290 obediant
1195 4252 1273 4304 neque
1289 4242 1409 4292 mntraria
1429 4228 1479 4304 juri
1502 4241 1648 4304 loquantur,
1676 4239 1720 4290 sed

88 4319 171 4404 φωνὴ
189 4319 269 4394 νόμου
283 4319 347 4393 ἥδε·
361 4317 408 4380 Ἂν
420 4345 458 4389 τις
469 4321 533 4402 δοκῇ
548 4327 687 4402 πειρᾶσθαι
711 4321 758 4394 τὴν
773 4325 825 4381 τῶν
846 4323 884 4381 δι·
931 4327 1002 4376 eiiam
1012 4325 1038 4376 in
1052 4325 1173 4389 regionem
1186 4326 1283 4391 abeant,
1293 4327 1461 4381 obedientibus
1471 4329 1570 4393 qrridem
1585 4329 1719 4392 edentium,

88 4407 181 4469 καίων
200 4407 310 4486 δύναμιν
325 4411 351 4468 έν
371 4417 427 4476 ταῖς
448 4413 499 4469 τῶν
514 4412 643 4470 δικαστῶν
661 4414 758 4492 ψυχαῖς
779 4411 821 4470 ἐπὶ
837 4408 917 4472 τοί-ί)
931 4429 980 4466 non
990 4415 1144 4466 audientibus
1157 4428 1216 4466 Vero
1228 4429 1274 4467 vox
1292 4417 1350 4481 legis
1366 4417 1447 4469 haecce
1459 4421 1496 4470 ar
1510 4436 1517 4470 s
1531 4417 1556 4470 Sl
1573 4417 1627 4482 quie
1638 4416 1720 4468 contri

42 4516 73 4556 ss
87 4496 189 4558 ναντία
203 4496 306 4578 τρέπειν
321 4497 367 4557 καί
381 4497 453 4580 παρά
464 4497 555 4579 καιρδν
569 4501 717 4559 πολυδικεῖν
732 4503 785 4558 τῶν
800 4498 885 4558 τοιού·
933 4506 1028 4556 ridetur
1040 4506 1162 4570 iustorum
1171 4507 1222 4556 uim
1234 4507 1257 4556 in
1267 4507 1377 4570 judiourn
1392 4507 1477 4558 animis
1489 4507 1514 4558 in
1529 4506 1650 4558 contraria
1663 4518 1719 4556 rer·

88 4610 152 4647 των
170 4581 244 4656 ἢκαλ
254 4585 389 4658 ξυνδικνῖν,
402 4585 542 4669 γραφέσθω
555 4587 602 4664 μὲν
616 4591 630 4647 δ
643 4587 798 4669 βουλόμενος
808 4588 885 4647 αὐτὸν
932 4595 983 4645 tere
1003 4597 1029 4646 et
1048 4595 1217 4659 intempestiva
1238 4597 1327 4647 mattas
1344 4599 1396 4660 eius
1414 4595 1507 4658 generis
1521 4595 1575 4648 tites
1597 4594 1721 4647 intendero

86 4673 251 4742 κακοδικίας
265 4673 282 4746 ἣ
297 4673 343 4733 καλ
363 4674 492 4744 ξυνδικίας
512 4681 609 4751 κακῆς,
620 4677 747 4757 κρινέσθω
761 4677 788 4737 δὲ
802 4680 828 4738 ἐν
849 4681 887 4759 τῷ
932 4685 970 4734 vet
986 4683 1046 4734 aiios
1059 4683 1202 4748 defendere,
1217 4685 1260 4749 qui
1275 4685 1459 4736 votetaoeusato
1473 4698 1530 4736 eum
1544 4684 1615 4736 matu
1637 4683 1716 4734 titium

86 4767 150 4826 τῶν
163 4765 291 4824 ἐκλεκτῶν
307 4764 482 4846 δικαστηρίῳ,
496 4765 619 4847 δρλόντος
632 4765 659 4824 δέ
674 4767 778 4843 τιμάτω
792 4765 822 4825 τὸ
844 4767 886 4824 δι-
932 4772 1071 4824 intentionis
1084 4775 1123 4823 ret
1136 4775 1206 4824 maiae
1216 4773 1374 4836 detensionis,
1385 4773 1503 4824 indicator
1518 4775 1601 4824 autem
1619 4772 1645 4824 in
1658 4772 1719 4824 sete·

86 4851 252 4934 κασττίριον,
269 4851 321 4912 εἴτε
336 4853 535 4934 ιριλινγρηματίρ
550 4855 620 4914 δοκεῖ
641 4855 704 4935 δρᾷν
722 4853 751 4913 τδ
772 4859 886 4914 τοιοῦτον
932 4864 1026 4912 otorunr
1041 4861 1147 4926 judicio,
1166 4863 1231 4926 quod
1246 4864 1266 4914 si
1281 4877 1336 4914 eum
1360 4862 1571 4926 condemnaverit,
1587 4863 1720 4926 mstirnato,

23 4959 72 5007 'uu
86 4941 150 5004 εἴτε
166 4939 328 5022 φιλονεικίᾳ,
348 4941 394 5001 καί
413 4939 457 5000 its
473 4940 520 5019 μέν
533 4941 693 5022 φιλονεικίᾳ,
713 4950 792 5024 τιμᾷν
815 4945 886 5023 αὐτῶ
932 4955 1016 5003 utrum
1028 4953 1127 5002 arantis
1142 4953 1176 5002 ita
1191 4964 1261 5015 agere
1272 4951 1397 5014 videatur,
1410 4966 1442 5002 an
1465 4952 1571 5015 litigandi
1591 4951 1719 5016 cupidine,

86 5033 122 5094 τδ
141 5029 323 5112 δικαστήριον,
338 5029 400 5089 δσου
418 5029 471 5111 χρὴ
491 5031 585 5112 χρόνου
599 5031 643 5091 τδν
656 5037 771 5091 τοιοῦτον
794 5033 886 5110 μηδενί
933 5043 992 5092 etsi
1012 5040 1117 5104 litigandi
1135 5040 1265 5105 cupidine,
1278 5041 1383 5092 aestimet
1400 5041 1421 5092 ei
1434 5041 1567 5105 ῖιιιῖῖυῖυιιι,
1590 5055 1664 5107 qrranr
1680 5041 1722 5093 diu

85 5125 193 5202 λαχεῖν
206 5119 280 5192 δίκην
296 5119 362 5198 μηδὲ
379 5117 544 5193 ξυνδικῆσαι,
563 5121 650 5180 ἐὰνδὲ
672 5121 887 5202 φιλοχρηματία,
933 5132 967 5180 ita
991 5132 1158 5193 comparatum
1182 5133 1293 5194 oporteat
1315 5144 1361 5181 neo
1382 5132 1448 5182 titern
1467 5132 1590 5183 intendere
1608 5133 1722 5196 cuiquam

86 5211 140 5272 τὸν
160 5209 207 5287 μέν
222 5208 292 5279 ξένον
307 5209 417 5268 ἀπιόντα
430 5211 460 5269 έκ
473 5212 520 5281 τῆς
531 5207 620 5290 χώρας
638 5207 741 5286 μήποτε
754 5212 833 5269 πάλιν
845 5211 887 5271 έλ-
902 5226 920 5268 c
934 5233 978 5271 neo
987 5218 1128 5282 detendere;
1141 5220 1177 5270 sin
1189 5220 1300 5283 avaritia,
1309 5222 1449 5285 peregrinus
1460 5223 1543 5273 retiotn
1553 5223 1648 5286 regione
1658 5236 1721 5272 nun-

87 5304 164 5372 θεῖν,
177 5295 193 5368 θ,
206 5298 309 5380 θανάτῳ
321 5301 490 5374 ζημιοῦσθαι,
502 5299 546 5357 τδν
566 5297 644 5357 άστδν
659 5297 686 5356 δέ
709 5299 831 5359 τεθνάναι
845 5323 891 5382 pr·
936 5322 1009 5373 quam
1026 5312 1170 5370 revertatur,
1188 5313 1232 5359 aut
1250 5313 1330 5362 morte
1342 5311 1472 5370 nutriretur,
1487 5309 1547 5360 uiris
1561 5322 1618 5360 uero
1631 5307 1720 5357 moria-
