3794 5852
8 387 70 468 ‚sal
261 393 264 400 '
691 381 863 444 TillAElJS.
1519 387 1574 438 κει

0 519 69 600 tntu
80 517 110 578 δι
124 517 176 578 καὶ
191 517 277 597 τομδν
291 515 369 585 ὀξέως
386 514 416 574 τδ
433 513 581 596 προστυχὸν
596 514 637 572 ἀεὶ
650 513 753 592 τέμνει,
799 521 896 572 secandi
907 521 931 570 ri
940 519 1057 583 praeditus
1066 517 1166 568 obuium
1176 517 1290 581 quodque
1303 519 1372 567 acute
1387 529 1482 580 semper
1499 519 1579 576 secat,

57 607 92 668 ὀν
101 605 392 686 ,ἀναμιμνησκομένας
407 602 455 676 τὴν
466 609 511 663 τοῦ
524 603 661 682 σχήματος
675 604 754 661 αὐτοῦ
770 603 788 642 ²
806 611 887 670 figurae
904 609 956 671 eiua
973 610 1055 658 ortum
1070 605 1251 656 recordantibus
1270 604 1333 652 hano
1351 601 1515 665 pausianum,
1535 613 1583 650 non

1 699 2 752 ἶ
23 721 68 766 τεν,
82 693 125 754 δτι
143 694 270 771 μάλιστα
291 690 378 764 ἐκείνη
394 689 440 750 καί
457 693 505 750 οὐκ
525 690 592 762 άλλη
607 687 683 771 φύσις
698 689 754 746 δια·
805 697 876 747 aliam
894 697 1006 746 naturam
1025 707 1126 758 corpora
1145 695 1227 743 nostre
1239 690 1392 740 dirimentem
1409 690 1434 738 et
1447 687 1584 738 minutatim

7 787 82 842 ’νουσα
97 783 182 860 ἡμῶν
201 780 274 841 κατδ
285 779 385 862 σμικρά
398 803 427 839 τε
449 777 482 839 τέε
497 778 609 856 σώματα
630 775 755 858 κερματί·
806 785 946 848 partientem
957 782 1054 846 oalidae,
1064 795 1137 846 quam
1148 793 1213 830 nuuc
1222 779 1337 842 dicimus,
1347 776 1479 828 alleofionis
1488 788 1585 826 causam

16 895 58 942 τα,
80 876 181 948 τοῦτο,
193 869 209 928 δ
224 873 271 928 νῒιν
285 869 380 952 θερμδν
395 868 517 950 λέγομεν,
532 866 637 936 εἰκότως
660 865 690 926 τέι
704 867 758 924 πά·
806 876 830 923 ot
846 871 980 936 appellandi
995 870 1144 922 oooen'oneun
1155 870 1241 920 merito
1256 867 1387 931 praebuisse
1399 863 1585 916 existimandum

1 983 36 1036 για
48 957 92 1016 καὶ
105 957 235 1036 τοῦνομα
248 955 379 1038 παρέσχε.
394 955 424 1016 τό
438 957 460 1015 δ’
471 953 585 1014 ἐναντίον
598 953 695 1014 τούτων
708 977 759 1012 κα·
807 963 850 1012 est.
864 961 959 1023 λιοιιιιιι,
969 974 1027 1010 τετυ
1034 959 1180 1010 eontrarium
1188 959 1232 1008 etsi
1239 957 1393 1006 manifestum
1400 955 1446 1016 est,
1454 953 1529 1002 nihilo
1537 965 1586 1001 una·

7 1051 73 1120 δηλον
86 1045 150 1125 μὲν,
177 1045 253 1124 ὅμως
279 1045 306 1104 δὲ
322 1045 404 1123 μηδὲν
419 1045 517 1113 ἐπιδεὲς
535 1044 604 1104 ἔστω
622 1043 710 1119 λόγου.
725 1039 759 1100 τδι
803 1052 839 1112 gis
850 1031 1105 1114 oaretoerniloatione.
1116 1047 1272 1100 humidorum
1290 1048 1369 1110 euim,
1388 1061 1444 1110 οντα
1459 1047 1523 1098 eirca
1534 1059 1587 1096 eor·

6 1135 65 1216 ρδὴ
84 1139 140 1194 τῶν
168 1133 233 1214 περὶ
262 1133 292 1192 ιδ
316 1136 394 1210 σῶμα
409 1135 494 1212 θγρῶν
516 1129 764 1212 μεγαλομερέστερα,
804 1151 850 1202 μοι
860 1139 1060 1202 sunt,erasslora
1067 1137 1126 1189 dum
1136 1123 1261 1190 intrantet
1269 1137 1363 1188 mlaora
1372 1137 1498 1201 expellunt
1509 1149 1587 1200 neque

1 1258 27 1271 ,
59 1221 150 1296 ’,τὰ
175 1219 340 1304 σμικρότερα
362 1220 520 1294 diffissa,
537 1223 572 1288 εἰς
585 1221 633 1287 τδς
655 1218 759 1278 ἐκείνοιν
803 1228 891 1291 insutu
908 1228 979 1278 sedes
996 1239 1080 1278 eorum
1103 1231 1227 1291 peuelrm
1242 1239 1295 1277 sese
1313 1229 1430 1290 possunt,
1446 1229 1588 1276 contrusam

1 1311 139 1388 δυνάμενα
152 1309 235 1390 έδρας
248 1311 365 1381 ἐνδῦναι,
378 1307 538 1377 ξυνωθοῦντα
551 1311 628 1386 ἡμῶν
642 1308 673 1368 τδ
686 1329 757 1366 νοτε-
804 1317 929 1367 Ιιυιιιοεοιιι
942 1317 1052 1367 matrum
1062 1319 1135 1380 atque
1143 1330 1174 1366 ex
1185 1314 1324 1378 inaequabili
1333 1317 1358 1364 et
1367 1317 1490 1364 commoto
1502 1313 1587 1364 immo·

13 1401 55 1472 ,ti
67 1399 224 1477 ἀνωμάλου
237 1396 408 1476 κεκινημένου
426 1421 454 1458 τε
469 1395 592 1469 ἀκίνητον
610 1398 643 1456 δι’
657 1394 758 1474 δμαλό-
770 1380 790 1442 ί)
803 1407 856 1454 tum
878 1406 976 1469 propter
995 1404 1183 1468 aequabilitatem
1204 1406 1229 1455 et
1248 1403 1454 1468 compressionem
1473 1401 1587 1453 ellectum

1 1513 31 1546 τι
44 1487 88 1548 καὶ
110 1485 169 1560 την
187 1485 298 1556 ξόνωσιν
312 1486 512 1568 ἀπεργαζόμενα
535 1485 665 1564 πήγνυσι·
685 1484 715 1544 τδ
732 1483 760 1543 δὲ
804 1493 946 1555 coagulant:
961 1493 1068 1544 illevero
1081 1492 1140 1542 dum
1155 1498 1241 1555 prater
1257 1493 1370 1542 naturam
1387 1491 1491 1553 cogitur,
1503 1503 1590 1541 seeun-

9 1576 37 1657 ρδ
61 1575 147 1656 φύσιν
173 1574 349 1655 ξυναγόμενον
370 1574 486 1655 μάχεται
511 1575 579 1634 κατὰ
601 1573 677 1656 φύσιν
699 1571 761 1632 αιἰτδ
805 1581 864 1632 dum
875 1585 985 1632 naturam
1003 1581 1128 1646 pugnatio
1145 1580 1291 1632 eontrarium
1309 1593 1337 1631 se
1353 1581 1407 1644 ipse
1428 1578 1589 1643 pmtruoens,

1 1666 41 1724 υτδ
59 1669 96 1734 εἰς
118 1665 277 1725 τώνανείον
303 1666 433 1726 οἰπωθοῦν.
458 1663 540 1744 τῇδὴ
561 1663 635 1744 μάχη
658 1661 704 1722 καί
724 1665 762 1742 τῷ
806 1669 843 1720 oni
858 1683 944 1733 pugnae
958 1674 984 1721 et
999 1669 1194 1736 conquassationi
1213 1670 1336 1720 honoret
1355 1669 1417 1732 rigor
1432 1681 1520 1720 nomeu
1536 1669 1590 1730 est,

7 1759 61 1801 ι’
85 1753 182 1836 τούτῳ
196 1751 293 1834 τρόμος
306 1751 352 1812 καί
376 1756 445 1834 ρῖγος
461 1749 552 1826 ἐτέθη,
567 1750 666 1834 ψυχρόν
687 1773 715 1809 τε
732 1749 762 1808 τὸ
807 1758 966 1822 frigidumque
974 1773 1030 1810 oum
1039 1760 1091 1824 ipsa
1102 1761 1156 1810 lraee
1167 1759 1263 1810 aiieotio
1281 1758 1440 1822 omnis,tunt
1455 1757 1522 1822 quod
1537 1769 1591 1808 eam

0 1845 9 1888 f
74 1841 153 1901 ἅπαν
178 1845 258 1900 τοῦτο
280 1839 327 1900 καί
349 1839 379 1898 τδ
395 1841 461 1920 δρῶν
486 1837 548 1898 αὗτδ
571 1837 647 1920 ἔσχεν
667 1835 760 1916 ὄνομα.
808 1847 1048 1911 etiioit‚appeliatur.
1066 1837 1246 1899 dominantem
1260 1861 1347 1899 nomeu
1366 1845 1592 1911 omnibusestqui·

19 1931 79 2011 ηρδν
95 1929 145 2003 δέ,
161 1928 235 1996 ὅσοις
259 1925 291 1988 δν
312 1931 387 2006 ἡμῶν
401 1931 419 2000 ἡ
434 1925 497 2009 σδιρξ
512 1927 621 2008 ὑπείκῃ·
644 1925 763 2005 μαλακὸν
809 1936 921 1985 buscano
935 1937 1105 1998 uosiraoedit‚
1117 1937 1309 1998 molleverolis‚
1325 1949 1380 2001 qum
1391 1936 1472 1998 narni,
1484 1937 1594 1999 itemque

5 2019 73 2092 ,δοα
87 2017 123 2076 θν
135 2022 172 2099 τῇ
187 2016 286 2100 σαρκί·
300 2017 365 2100 πρδς
387 2017 493 2089 ἄλληλά
507 2040 536 2076 τε
556 2015 645 2084 οθτως.
665 2014 765 2075 ὑπείκει
809 2023 869 2088 iuter
885 2037 919 2074 se.
942 2024 1099 2075 oeditnutem
1119 2025 1234 2088 quioquid
1246 2008 1321 2087 uarro
1333 2024 1437 2086 insistit;
1454 2021 1519 2088 quod
1534 2037 1594 2074 vero

1 2107 73 2166 :done
88 2105 141 2166 ἐπὶ
166 2110 282 2186 σμικροῦ
299 2103 397 2186 βαίνει·
412 2105 442 2164 τδ
463 2103 490 2163 δέ
506 2107 536 2164 ἐκ
553 2103 721 2184 τετραγώνων
736 2101 763 2161 δν
809 2109 979 2173 quadrangulis
1007 2111 1104 2161 basibus
1122 2115 1229 2172 consini,
1251 2113 1342 2177 quippe
1358 2113 1513 2163 uehementer
1537 2113 1595 2163 inst·

48 2234 51 2247 ι
73 2242 81 2266 ,
98 2195 153 2254 ἅτε
176 2194 292 2276 βεθηκδς
311 2194 424 2276 σφόδρα,
446 2191 656 2252 άντιτυπιθτατον
683 2183 764 2268 εἶδος,
779 2203 891 2264 eatena,
903 2213 979 2262 genus
990 2200 1094 2249 maxime
1106 2201 1268 2251 retractarium
1285 2202 1336 2262 est,
1349 2201 1497 2266 quodquein
1513 2200 1592 2251 densi-

31 2307 59 2342 τε
74 2283 109 2342 δν
127 2285 167 2352 εἰς
188 2283 344 2354 πυκνότητα
359 2279 441 2350 ξυνιδν
461 2281 588 2354 πλείστην
603 2272 764 2361 ἀντίτονονῇ
808 2288 883 2338 tatem
904 2287 985 2338 coiens
1001 2301 1121 2338 summam
1141 2289 1252 2339 renititur
1267 2290 1407 2353 plurimum.
1427 2304 1499 2350 grave
1513 2281 1594 2341 auiam

0 2375 97 2434 ’,ιστα.
116 2369 188 2452 βαρδ
205 2371 234 2430 δέ
247 2369 294 2430 καί
314 2374 410 2450 κοῦφον
425 2367 493 2447 μετδ
506 2374 553 2441 τῆς
565 2375 610 2428 τοῦ
631 2367 704 2428 κάτω
718 2368 765 2451 φό-
809 2375 893 2444 ellare
905 2376 926 2426 si
937 2389 985 2426 una
997 2389 1055 2426 oum
1065 2376 1183 2426 interioris
1197 2379 1221 2428 et
1232 2391 1277 2440 ea,
1289 2392 1344 2442 qnae
1356 2391 1430 2443 supra
1446 2378 1596 2444 diuiturma·

43 2459 140 2519 άνοστε
151 2457 297 2538 λεγομένης
309 2455 490 2535 ἐξεταζόμενον
501 2456 533 2516 διν
543 2457 670 2530 δηλωθείη
683 2456 766 2538 σαφέ-
809 2469 865 2514 tura
881 2463 1030 2529 εερίοιειιιε,
1040 2465 1172 2516 clarissime
1187 2466 1302 2531 explicari
1321 2469 1405 2532 possit.
1424 2469 1511 2519 nature
1530 2469 1595 2519 euim

27 2587 39 2606 υ
55 2595 62 2608 .
87 2547 170 2630 φύσει
186 2547 240 2628 γδρ
266 2546 299 2620 δή
317 2569 389 2613 τινας
410 2545 506 2614 τόπους
523 2545 569 2619 δθο
584 2536 650 2605 εἰναι
668 2547 764 2618 διειλη-
810 2552 873 2604 duos
892 2553 1011 2619 quosdam
1023 2567 1075 2604 esse
1086 2554 1151 2604 locos
1162 2553 1271 2604 bilariam
1285 2553 1439 2617 dispertitum
1455 2555 1596 2606 universum

0 2672 29 2694 ιι
60 2637 128 2716 διχῆ
144 2634 177 2694 τδ
194 2643 259 2707 πᾶν,
274 2633 422 2708 ἐναντίους,
435 2633 479 2692 τδν
494 2633 541 2712 μέν
558 2632 645 2707 κάτω,
664 2632 765 2714 πρδςδν
810 2643 965 2704 exhibentes,
977 2644 1123 2704 contrarios,
1135 2643 1238 2692 alterum
1251 2642 1402 2706 interiorem,
1419 2657 1468 2707 quo
1487 2643 1596 2695 terantur

13 2758 18 2771 ·
52 2748 77 2780 ιι
100 2722 187 2782 πάνθ’
203 2719 255 2781 δσα
277 2720 337 2781 τινθ
352 2721 473 2801 σώματος
487 2721 565 2801 όγιιον
580 2721 650 2801 ἔχει,
671 2720 714 2780 τδν
739 2719 767 2780 δὲ
810 2732 891 2780 omnia
906 2732 995 2783 molem
1011 2731 1133 2795 quandam
1144 2731 1251 2794 eorporis
1267 2731 1507 2794 habeutia‚aiterum
1526 2746 1596 2796 supe

34 2811 117 2892 ,πρδς
129 2809 159 2870 δν
173 2809 308 2879 ἀκουσίως
316 2809 427 2890 ’ἔρχεται
441 2819 504 2884 πᾶν,
516 2812 563 2870 οιίκ
574 2809 649 2892 όρθθυ
663 2811 766 2891 οὐδαμῇ
811 2819 912 2880 riorem,
931 2833 980 2883 quo
993 2820 1051 2869 niiril
1070 2833 1118 2870 non
1134 2819 1237 2870 inritum
1251 2833 1277 2870 se
1299 2819 1418 2882 muleeat,
1435 2821 1502 2871 nullo
1525 2821 1598 2872 modo
1712 2867 1716 2876 .

0 2932 2 2941 ι
29 2899 48 2934 'r
63 2923 96 2960 ιν.
107 2904 156 2958 τοῦ
168 2897 223 2981 γδρ
244 2896 345 2965 παντδς
358 2900 468 2980 οὐρανοῦ
489 2899 669 2980 σφαιροειδοῦς
682 2895 798 2971 diremi
812 2905 877 2957 r'oote
889 2907 1012 2957 statuitur.
1024 2921 1078 2958 oum
1091 2908 1154 2958 euim
1166 2909 1252 2958 caelum
1264 2923 1335 2960 omne
1345 2909 1471 2972 globosum
1481 2911 1522 2970 sit,
1532 2923 1597 2974 quae·

0 3011 27 3046 ια
44 2987 92 3064 μὲν
106 2990 254 3070 ἀφεστῶτα
272 2986 329 3046 ίσον
353 2992 398 3046 τοῦ
421 2985 502 3066 μέσου
524 2985 627 3067 γέγονεν
652 2985 766 3066 ἔσχατα,
811 3009 908 3059 cunque
925 3009 940 3046 a
957 2996 1036 3046 medio
1054 3010 1123 3060 aeque
1140 2997 1256 3047 distantia
1270 3003 1379 3049 extrema
1399 3001 1469 3062 sunt,
1487 3000 1597 3050 similiter

1 3105 51 3126 ¹
84 3075 153 3137 αὐτὰ
171 3075 230 3157 χρη
249 3075 352 3156 ἔσχατα
365 3076 523 3158 πεφυκέναι,
543 3073 768 3154 aldintonam
813 3097 866 3134 esse
887 3086 982 3147 oportet
998 3087 1118 3145 extrema,
1132 3085 1237 3135 medium
1256 3099 1316 3136 vero
1334 3087 1420 3138 iisdem
1434 3088 1553 3138 mensuris
1567 3088 1598 3138 ab

1 3168 26 3224 ’.
66 3164 151 3246 μέτρα
166 3167 223 3223 τῶν
244 3164 366 3244 ἐσχάτων
378 3163 536 3247 ἀφεστηκὸς,
551 3165 578 3222 έν
590 3168 629 3245 τῷ
642 3187 766 3223 καταντι·
813 3173 927 3224 antrannis
944 3173 1037 3224 distans
1056 3187 1070 3224 e
1090 3174 1186 3237 regione
1204 3175 1309 3237 positum
1331 3189 1386 3226 esse
1409 3169 1545 3240 putandum
1561 3183 1598 3228 est
1655 3231 1657 3238 ,

1 3253 158 3333 ρδνομίζειν
178 3253 220 3311 δεῖ
236 3251 345 3312 πάντων
367 3243 442 3314 εἶναι,
457 3257 503 3310 τοῦ
518 3250 549 3324 δὴ
567 3250 668 3330 κόσμου
686 3250 769 3331 ταύτῃ
813 3261 936 3312 omnibus,
952 3263 987 3312 sio
1003 3262 1076 3325 igitur
1094 3263 1186 3314 mundo
1205 3276 1220 3313 a
1240 3269 1326 3314 nature
1346 3269 1486 3329 comparato
1502 3266 1597 3328 ecquid·

1 3341 135 3420 εφυκότος,
149 3339 179 3400 τί
189 3343 243 3398 τῶν
259 3337 401 3422 εἰρημένων
412 3340 466 3399 ἄνω
475 3364 513 3408 τις
526 3338 543 3411 ἢ
558 3339 630 3399 κοίτω
639 3339 771 3418 τιθέμενος
814 3363 871 3400 uam
883 3349 1003 3402 dictorum
1015 3353 1067 3412 esi,
1079 3353 1144 3416 quoti
1152 3352 1208 3416 quis
1220 3354 1331 3417 superius
1343 3354 1382 3404 nel
1392 3354 1491 3405 interius
1505 3367 1598 3418 ponens

1 3430 61 3486 ἀἔν
77 3427 137 3508 δίκῃ
164 3427 235 3496 δόξει
251 3425 281 3486 ιδ
301 3426 381 3506 μηδὲν
400 3431 533 3508 προσῆκον
545 3426 628 3505 ὄνομα
641 3425 771 3505 λέγειν;δ
815 3439 1413 3506 uoumeritouideaturiueptouomiueappellare?
1426 3457 1482 3492 nam
1490 3444 1597 3494 medium

2 3513 91 3597 ἐνγέιρ
105 3513 191 3594 μέσος
206 3517 236 3574 ἐν
248 3517 319 3597 αὐτῷ
330 3513 408 3582 τόπος
419 3515 478 3574 οὔτε
492 3513 565 3574 κάτω
579 3513 701 3596 πεφυκὼς
713 3514 771 3574 οὔτε
815 3528 913 3591 quidam
923 3528 948 3577 in
964 3541 994 3578 eo
1009 3528 1089 3578 locum
1100 3541 1179 3592 neque
1193 3529 1329 3580 interiorem
1351 3543 1430 3595 neque
1451 3533 1598 3595 superiorem

3 3630 32 3661 ιιι
44 3603 178 3682 λέγεσθαι
193 3601 307 3677 δίκαιος,
318 3602 377 3663 ἀλλ’
395 3602 460 3663 αθτδ
480 3605 508 3662 ἐν
530 3601 616 3685 μέσῳ·
629 3607 643 3661 δ
655 3601 683 3661 δὲ
696 3601 799 3684 πέριξο
813 3614 860 3665 dioi
870 3615 906 3665 tas
917 3619 967 3676 osi,
978 3616 1021 3666 ssd
1033 3616 1112 3679 ipsum
1123 3617 1243 3679 medium3
1256 3617 1277 3667 is
1289 3619 1385 3681 autem,
1396 3620 1438 3682 qui
1448 3621 1540 3670 circum
1551 3627 1597 3683 est,

2 3693 35 3751 ἴτε
50 3693 65 3752 δ
77 3735 82 3766 ,
95 3693 181 3771 μέσος
195 3689 250 3751 οὔτ’
265 3691 334 3772 έχων
349 3691 470 3774 διάφορον
486 3695 565 3751 αὑτοῦ
586 3689 664 3772 μέρος
683 3691 770 3776 ἕτερον
818 3713 896 3764 neque
911 3701 1005 3755 medius
1013 3708 1137 3770 asinoque
1151 3707 1271 3758 diversam
1279 3707 1316 3759 sui
1330 3711 1422 3772 partem
1432 3711 1503 3760 diam
1512 3711 1544 3762 ab
1552 3712 1599 3762 alia

2 3784 85 3862 πόρου
99 3782 208 3860 μᾶλλον
223 3777 288 3862 πρδς
302 3779 332 3844 τδ
347 3779 440 3857 μέσον,
461 3779 479 3853 ἥ
499 3805 523 3840 τι
535 3783 587 3839 τῶν
601 3779 769 3860 καταντικρύ.
817 3792 892 3854 magis
898 3792 1138 3861 admedinunversus,
1145 3801 1344 3864 quameregione
1353 3801 1485 3865 positarum
1492 3802 1597 3866 aliquam

4 3875 24 3928 νδ
37 3871 65 3928 δὲ
76 3868 181 3948 δμοίως
194 3867 282 3942 πάντη
296 3867 440 3951 πεφυκότος
447 3868 511 3929 ποῖοί
523 3893 561 3937 τις
571 3869 699 3950 ἐπιφέρων
714 3869 770 3938 διό·
816 3881 895 3932 habet.
907 3881 948 3945 qul
960 3881 1082 3946 nuliique
1097 3880 1207 3932 similiter
1218 3886 1371 3946 oomnuetos
1380 3883 1432 3945 est,
1442 3896 1497 3947 que
1506 3887 1599 3936 οοιιιει-

4 3983 49 4016 στα
69 3959 146 4039 ndu}
163 3955 273 4016 ἐναντία
294 3953 341 4015 καί
354 3959 392 4028 πῆ
413 3959 499 4024 καλῶς
515 3954 547 4015 δν
569 3959 659 4034 ἡγοῖτο
672 3956 771 4034 λέγειν,
816 3971 850 4019 ria
861 3970 883 4020 el
894 3970 993 4020 uomina
1006 3975 1088 4033 eique
1105 3970 1197 4021 ratione
1208 3969 1333 4034 imponens
1349 3972 1470 4036 quispiam
1486 3975 1552 4024 recte
1563 3973 1598 4024 di·

4 4049 66 4130 γάρ
79 4073 106 4108 τι
119 4047 171 4106 καὶ
186 4044 291 4126 στερεδν
305 4043 347 4117 είη
362 4044 430 4104 κατδι
453 4043 531 4122 μέσον
544 4049 590 4104 τοῦ
603 4043 700 4112 παντὸς
713 4047 770 4104 ieo-
816 4071 870 4108 cero
882 4058 928 4108 sibi
937 4058 1063 4110 rideatur?
1072 4071 1128 4108 uam
1142 4059 1216 4110 etiam
1228 4059 1331 4110 solidum
1341 4061 1361 4110 si
1371 4061 1429 4124 quid
1441 4062 1537 4113 assatio
1550 4077 1599 4114 me·

4 4137 77 4209 τλές,
92 4138 130 4204 εἰς
155 4134 234 4194 οθδέν
250 4132 282 4193 ἐν
304 4155 367 4193 ποτε
384 4137 436 4192 τῶν
454 4131 573 4212 ἐσχάτων
592 4132 708 4212 ἐνεχθείη
730 4132 773 4192 διδ
786 4153 804 4194 a
817 4146 858 4197 dio
876 4147 989 4198 universo
1007 4147 1136 4210 aquatile,
1152 4147 1182 4198 ad
1196 4148 1290 4198 nullum
1307 4163 1414 4215 unquam
1436 4153 1600 4203 extremorum
1693 4154 1696 4162 '

5 4225 28 4280 λι
49 4225 142 4297 πάντη
165 4222 312 4302 ὁμοιότητα
331 4224 431 4282 αὐτῶν·
455 4223 512 4281 ἀλλ’
527 4223 549 4280 εἰ
564 4220 609 4280 καί
630 4220 691 4302 περὶ
711 4221 773 4281 αὒτδ
816 4219 1172 4301 ιεετοίυιγιεορίοεγιεερεῑυειιι
1182 4237 1344 4301 equalitatem
1356 4241 1601 4305 eomm;sedstquis

5 4312 118 4390 ηοεόοιτό
132 4333 176 4380 τις
193 4315 221 4371 ἐν
241 4311 345 4392 κόκλῳ,
359 4310 487 4376 πολλάκις
514 4309 546 4370 δν
568 4308 632 4377 στὰς
653 4309 774 4379 άντίπους
817 4325 932 4374 inorbom
944 4324 1177 4389 malioniensem
1188 4339 1217 4376 er
1228 4326 1497 4393 adversosinimetipse
1512 4331 1601 4380 cousti-

5 4405 75 4460 ιθτδν
91 4403 177 4461 αὐτοῦ
190 4399 264 4460 κάτω
287 4400 333 4460 καί
357 4400 411 4459 ἄνω
428 4399 576 4480 προσείποι.
600 4398 631 4459 τδ
651 4397 699 4476 μέν
721 4398 772 4480 γδρ
817 4415 884 4464 tutus
894 4413 994 4463 eandem
1006 4412 1157 4476 eluspartem
1169 4413 1303 4468 interiorem
1315 4421 1387 4481 atque
1399 4417 1546 4482 superiorem
1559 4431 1600 4481 on·

6 4513 48 4562 ον,
68 4489 195 4570 καθάπερ
209 4485 313 4568 εἴρηται
334 4491 379 4544 νῦν
395 4485 443 4560 δὴ,
462 4483 625 4569 σφαιροειδές
641 4485 680 4560 δν,
694 4485 773 4546 τόπον
818 4498 925 4562 pelleret.
945 4501 1085 4550 uuiversum¹
1106 4501 1184 4562 euim,
1203 4504 1230 4551 ut
1245 4503 1317 4566 paulo
1335 4509 1391 4554 aute
1408 4504 1526 4566 diximus,
1544 4517 1599 4557 oum

6 4577 36 4636 νδ
51 4577 141 4650 adro,
152 4574 199 4636 τὸν
213 4573 307 4634 silvo
320 4573 405 4654 λέγειν
419 4574 489 4722 &Isiu
504 4577 552 4635 οθκ
566 4574 706 4658 ἔμφρονος·
717 4574 773 4635 δθεν
817 4587 941 4648 globosum
953 4588 998 4650 eit,
1008 4589 1087 4639 iocum
1095 4589 1216 4653 quendam
1227 4591 1314 4642 habere
1321 4592 1470 4656 interiorem,
1479 4593 1599 4657 quendam

31 4665 185 4744 ὠνομάσθη
211 4667 312 4737 ταῦτα,
323 4663 370 4724 καί
384 4665 411 4722 ἰν
434 4687 472 4731 ος
497 4663 561 4724 όντα
585 4663 718 4742 εἰθίσμεθα
740 4667 773 4723 δι’
818 4675 978 4739 superiorem,
991 4691 1063 4728 nemo
1076 4678 1182 4741 prudeus
1194 4678 1337 4743 nllirunabit3
1354 4681 1396 4731 sed
1410 4681 1474 4731 unde
1496 4681 1548 4731 liaeo
1559 4695 1597 4730 uo

6 4764 68 4814 εῖνα
84 4751 190 4814 καίτθι
211 4753 321 4834 οἰιρανδν
333 4751 393 4812 θ’λον
406 4751 473 4812 οὕτω
485 4751 665 4834 διαιρούμενοι,
676 4752 805 4831 λέγειν,ί)
820 4763 909 4814 minata
921 4766 946 4814 et
963 4766 988 4814 lu
1006 4766 1095 4829 quibus
1105 4767 1153 4818 sint
1164 4767 1211 4831 tu,
1221 4771 1249 4818 ut
1262 4773 1358 4833 propter
1374 4769 1414 4819 illa
1432 4769 1503 4820 etiam
1513 4769 1598 4820 caelum

7 4849 64 4902 ὅτι
87 4841 294 4920 διομολογητέον
311 4839 476 4918 θποθεμένοις
489 4839 553 4900 τάδε
567 4841 683 4918 ἡμῖν·εέ
695 4865 734 4908 τις
746 4845 772 4901 ἐν
819 4857 895 4907 totum
905 4852 939 4902 sio
950 4852 1084 4906 dividentes
1095 4855 1213 4918 appellare
1226 4857 1436 4919 consueverimus,
1449 4857 1479 4906 de
1500 4870 1529 4908 eo
1545 4861 1601 4908 oon·

7 4937 15 4990 i
29 4937 81 4990 τοῦ
95 4929 199 4998 παντὸς
214 4928 301 5010 τόπῳ,
311 4929 369 4988 καθ’
384 4929 438 5001 δνή
457 4933 504 4988 τοῦ
517 4929 598 5010 πυρδς
611 4929 701 5010 εἴληχε
723 4930 776 5008 μοί-
820 4939 972 4992 ιειιίοίὶιιίοι
984 4955 1027 4992 nos
1046 4942 1112 4994 irisoe
1121 4944 1207 5007 positia
1222 4957 1321 4996 neeesse
1330 4949 1384 4996 esi:
1397 4945 1417 4996 si
1429 4945 1484 5009 quis
1502 4946 1527 4996 ln
1548 4946 1600 4996 uni·

7 5044 60 5079 στα
73 5019 169 5102 φόσις,
181 5009 214 5077 οὗ
228 5017 273 5077 καί
287 5020 409 5078 πλεῖστον
419 5017 452 5077 δν
466 5017 634 5100 ἠθροισμένον
650 5019 690 5092 εἴη
711 5019 775 5099 πρὸς
819 5030 881 5078 versi
895 5031 948 5080 loro
962 5043 1005 5094 eo,
1022 5031 1047 5081 ln
1064 5045 1113 5096 quo
1123 5031 1185 5095 ienis
1200 5035 1287 5084 natura
1303 5033 1408 5084 maxime
1420 5033 1501 5086 eedem
1515 5036 1600 5087 sortita

11 5111 136 5188 φέρεται,
163 5105 286 5184 ἐπεμθδς
301 5107 342 5164 ἐπ’
352 5110 434 5166 ἐκεῖνο
453 5106 498 5166 καὶ
523 5102 632 5186 δύναμιν
647 5109 682 5176 εἰς
699 5114 775 5168 τοῦτο
819 5121 869 5180 ost,
880 5117 921 5168 ubi
932 5118 1004 5170 etiarn
1014 5120 1115 5183 piurima
1126 5120 1268 5185 ooplaeius,
1278 5133 1328 5185 quo
1342 5121 1428 5186 lentur,
1439 5123 1540 5174 oollocta
1555 5125 1599 5188 sit,

8 5217 55 5272 γων
81 5195 153 5276 μέρη
168 5198 217 5253 τοῦ
234 5195 315 5274 πυρὸς
326 5196 441 5275 ἀφαιρῶν
457 5195 547 5268 ἰσταίη
561 5195 638 5262 τιθείς
652 5198 686 5262 εἰς
705 5197 774 5256 πλό-
820 5207 930 5256 insoeuso
942 5207 982 5257 illo
995 5207 1084 5257 viribus
1095 5208 1126 5259 ad
1143 5207 1313 5261 ldlnstmoiua
1324 5211 1474 5274 panatssnts
1490 5213 1600 5278 demptas

1457 5313 1492 5358 ld·
