3810 5862
281 417 318 468 tis
897 407 1094 468 nostrum.
1116 407 1212 468 bien.
1234 409 1266 466 Δ.
1389 355 1397 370 ¹
1740 407 1879 488 (tre-trs]

276 539 451 614 ἐξηπάτηνται
474 543 519 600 ὑπ’
539 540 624 600 αὐτῶν
646 539 692 600 καὶ
715 538 812 600 οίονται
826 544 858 622 τῇ
874 540 983 623 ἀληθείᾳ
1008 563 1057 600 πο·
1102 553 1234 614 putantque
1252 563 1278 600 re
1299 562 1355 600 reru
1375 548 1458 600 ciuiles
1474 549 1617 613 esse,qnod
1635 550 1882 614 evulgotsudmrur.

276 631 370 689 λιτικοὶ
397 619 482 708 εἶναι,
508 629 548 688 ότι
582 631 747 688 ἐπαινοῦνται
777 628 827 689 ὑπὸ
854 633 906 689 τῶν
937 631 1053 691 πολλῶν.
1103 636 1190 703 [soem]
1203 637 1267 697 Quid
1285 637 1335 688 eis?
1351 651 1399 688 non
1414 637 1480 701 istis,
1493 638 1607 701 loquum,
1624 639 1882 701 ignoscisieueristi-

275 722 338 785 Πῶς
368 717 465 797 λε’γεις;
497 719 526 777 ού
569 717 768 798 συγγινώσκεις,
797 710 829 792 ήν
859 719 882 778 δ’
904 717 970 798 ἐγὼ,
1003 720 1057 787 τοῖς
1101 725 1511 791 mesnretiendiimperitum,sielii
1521 726 1772 790 mulllitemimpen'ti
1782 732 1883 791 septem-

276 805 416 888 ἀνδράσιν,
436 805 454 879 ἢ
478 805 527 866 οἴει
544 798 595 866 οἶόν
614 807 637 864 τ’
656 797 723 866 εἶναι
737 807 811 887 ἀνδρὶ
830 806 867 886 μή
889 806 1055 889 ἐπισταμένῳ
1101 814 1210 879 pedulem
1221 828 1277 866 eom
1288 828 1341 866 esse
1353 815 1450 878 dicent,
1460 815 1566 879 effugere
1577 829 1662 880 posse,
1678 815 1738 881 quin
1750 819 1777 866 et
1791 815 1844 879 ipse
1856 817 1883 864 de

242 902 259 954 ῦ
275 903 378 977 μετρεῖν
398 893 491 977 ἑτέρων
513 893 634 956 τοιούτων
659 897 764 956 πολλῶν
788 896 928 976 λεγόντων,
952 896 992 955 δτι
1013 919 1056 954 τε·
1101 917 1127 954 se
1138 904 1202 955 idem
1212 904 1347 956 existimet?
1357 905 1421 970 [ινα]
1430 908 1482 955 lton
1494 905 1577 967 iecile,
1590 903 1682 968 lnquit,
1697 903 1765 955 istud
1776 903 1895 976 quidem,

273 981 411 1065 τρόπηχύς
431 985 509 1058 ἔστιν,
525 982 603 1043 αὑτὸν
619 988 703 1056 ταῦτα
726 983 764 1062 μή
788 988 907 1064 ἡγεῖσθαι
922 984 983 1066 περὶ
1006 989 1053 1045 αὑ·
1068 1003 1086 1045 e
1100 989 1476 1057 [socn.]Nolligituriresei;uem
1486 991 1558 1043 iidem
1569 991 1733 1043 iereomnium
1744 977 1895 1056 lepidissimi*

274 1077 338 1150 τοῦ;
352 1073 412 1133 Ούκ
428 1070 469 1145 δν,
484 1070 550 1155 ίρη,
564 1070 641 1132 τοῦτό
654 1095 694 1148 γε.
738 1069 785 1144 Μή
801 1071 885 1133 τοίνυν
898 1072 1055 1152 χαλέπαινε·
1101 1084 1171 1143 sunt,
1183 1081 1241 1131 dum
1252 1081 1316 1144 leges
1335 1083 1437 1132 serentes
1448 1081 1531 1145 quales
1547 1094 1618 1145 supru
1636 1080 1745 1130 diximus
1757 1079 1883 1130 enrendeu·

273 1159 319 1220 κοιλ
332 1159 384 1242 γοίρ
398 1158 448 1219 πού
461 1162 511 1220 εἰσι
524 1159 630 1220 πάντων
647 1159 816 1242 χαριέστατοι
831 1164 855 1222 οί
868 1165 995 1240 τοιοῦτον,
1011 1186 1053 1223 νο·
1099 1172 1184 1234 tesque
1193 1183 1287 1234 semper
1296 1168 1368 1220 linem
1380 1169 1484 1233 aliquem
1493 1171 1661 1234 seneperluros
1670 1171 1757 1234 putent
1769 1167 1884 1226 circem,

274 1249 439 1327 μοθετοῦντίς
456 1272 485 1309 τε
500 1240 542 1308 οἷα
565 1249 624 1330 ἄρτι
642 1248 780 1328 διήλθομεν
794 1249 839 1309 καὶ
853 1251 1054 1333 ἐπανορθοῦντες
1099 1271 1153 1322 qure
1159 1258 1317 1323 peccenturin
1323 1259 1473 1310 commerciis
1481 1261 1505 1309 et
1512 1271 1567 1322 quse
1573 1271 1617 1321 ego
1626 1255 1882 1320 puuloentedieebnm,

234 1360 263 1395 ιο
275 1337 315 1396 ἀεὶ
326 1337 439 1416 οἰόμενοί
448 1361 474 1397 τι
492 1336 575 1421 πέρας
593 1337 712 1419 εὑρήσειν
730 1336 836 1418 περὶτὰ
850 1340 877 1398 ἐν
888 1342 941 1407 τοῖς
960 1337 1053 1417 ξνμῦο-
1098 1361 1176 1410 neque
1185 1348 1319 1410 intelligunt
1332 1361 1358 1398 re
1367 1360 1424 1398 verr
1439 1361 1466 1398 se
1474 1349 1596 1412 tamquam
1609 1344 1697 1410 uydrae
1708 1345 1789 1409 eapite
1801 1358 1895 1408 empu-¹

273 1427 355 1496 λαίοις
366 1426 574 1508 κακουργήματα
587 1426 633 1486 καὶ
650 1426 711 1506 περὶ
731 1425 749 1485 θ
762 1432 807 1486 νῦν
828 1427 859 1500 δή
879 1426 931 1507 ἐγὼ
952 1425 1052 1506 ἔλεγον,
1098 1438 1157 1488 ture.
1169 1435 1231 1502 [tm]
1241 1439 1327 1498 certe,
1341 1436 1432 1500 lnquit,
1443 1436 1502 1486 nillil
1514 1435 1579 1486 eliud
1588 1435 1686 1485 iaciunt.
1699 1431 1791 1498 [suem]
1807 1433 1895 1491 Quare

257 1519 441 1594 .οἰγνοοῦντες,
457 1515 497 1576 ότι
510 1519 548 1598 τῷ
562 1514 616 1575 ὄντι
627 1514 716 1597 ὥσπερ
730 1513 832 1598 Ὕδραν
846 1514 978 1595 τίμνυυσι.
997 1516 1052 1578 Καὶ
1097 1525 1223 1590 equidem,
1251 1526 1364 1589 loquum,
1386 1526 1432 1574 hoc
1453 1524 1533 1587 legum
1561 1523 1792 1586 institutionumque
1812 1534 1884 1584 genus

219 1604 337 1684 427μὴν,
350 1603 411 1685 ἔφη,
424 1606 473 1664 ούκ
480 1603 545 1665 ἄλλο
558 1604 584 1664 τί
590 1628 621 1684 γε
631 1609 757 1666 ποιοῦσιν.
767 1603 839 1682 Ἐγὼ
854 1603 900 1683 plu
911 1604 1007 1682 τοίνυν,
1019 1597 1052 1678 ήν
1069 1614 1198 1668 aurbitror
1215 1627 1272 1664 vero
1289 1613 1368 1678 legum
1385 1614 1454 1663 latori
1474 1627 1551 1677 neque
1572 1613 1597 1663 in
1609 1611 1669 1662 mule
1685 1625 1763 1676 neque
1779 1610 1808 1660 in
1826 1611 1882 1660 bene

271 1692 296 1753 δ’
311 1691 379 1772 ἐγὼ,
393 1692 423 1753 τδ
429 1699 544 1754 τοιοῦτον
553 1684 618 1762 εἶδος
627 1691 714 1772 νόμων
725 1692 786 1775 πίρι
797 1693 843 1752 καὶ
851 1693 983 1761 πολιτείας
997 1692 1051 1754 οὔτ’
1096 1700 1225 1752 constitute
1233 1700 1331 1752 civitate
1344 1701 1437 1751 curiose
1448 1701 1595 1752 tractandum
1603 1713 1656 1751 esse
1666 1699 1706 1750 :in
1718 1699 1759 1750 illu
1768 1698 1883 1762 quidem,

235 1791 262 1837 ιθ
273 1785 299 1842 ἐν
309 1780 454 1852 κακῶςούτ’
465 1783 492 1842 ἐν
502 1775 723 1864 εῦπολιτευομόνῃ
735 1781 891 1864 πολειῷμην
902 1781 933 1843 δν
943 1783 996 1842 δεῖν
1007 1783 1051 1843 τδν
1097 1789 1210 1855 quonism
1218 1789 1692 1854 inutilissuntnequejuruotquicqnem,
1702 1789 1726 1838 in
1735 1789 1781 1838 buc
1791 1789 1884 1846 sutem,

272 1870 391 1942 ἀληθινόν
399 1869 540 1949 νομοθέτην
549 1869 789 1952 πραγματεύεσθαι·
799 1873 826 1930 ἐν
836 1874 868 1950 τῇ
877 1869 933 1948 μὲν,
939 1869 1050 1931 ότιοῖνω·
1096 1879 1152 1944 quie
1164 1879 1249 1943 purtim
1260 1878 1364 1943 quisque
1378 1878 1496 1942 reperiet,
1508 1879 1595 1942 purtim
1609 1891 1653 1928 sue
1669 1879 1755 1941 sponte
1765 1891 1801 1928 ex
1815 1890 1882 1942 supe
1894 1869 1895 1890 ³

271 1960 347 2039 ρελή,
357 1956 402 2016 καὶ
413 1957 490 2018 πλέον
503 1957 586 2032 οὐδὲν,
598 1961 624 2017 ἐν
637 1958 664 2018 δὲ
676 1964 726 2038 τῇ,
741 1957 780 2019 ότι
794 1957 827 2018 τδι
842 1958 889 2037 μὲν
902 1961 988 2018 αὐτῶν
1002 1957 1051 2019 κδιν
1095 1957 1199 2017 rioribus
1209 1966 1324 2017 institutis
1333 1965 1525 2030 proficiscuntur.
1544 1965 1607 2030 [nm]
1616 1965 1682 2024 Quid
1693 1967 1775 2029 igitur,
1791 1965 1884 2029 inquit,

254 2049 389 2106 ,ὁστισοῦν
401 2045 531 2128 εῦροι,τθι
543 2047 586 2124 δὲ,
609 2045 649 2106 ότι
672 2041 808 2126 αὐτόματα
829 2047 927 2108 ἔπεισιν
947 2051 978 2108 ἐκ
998 2052 1050 2108 τῶν
1095 2059 1210 2119 preterea
1228 2057 1303 2106 restet
1321 2055 1391 2105 nobis
1414 2055 1464 2118 lege
1484 2054 1824 2120 praecipiendumi-Atque
1840 2068 1885 2116 ego

271 2133 416 2216 ἔμπροσθεν
424 2135 646 2214 ἐπιτηδευμάτων.
658 2128 777 2214 Τίούν,ί
794 2161 821 2210 η,
834 2135 912 2197 ἔτιᾶν
920 2142 983 2215 ἡμῖν
994 2139 1050 2198 λοι·
1061 2138 1083 2202 b
1095 2140 1182 2207 [soem]
1194 2142 1269 2194 Nobis
1280 2141 1390 2207 quidem,
1402 2143 1513 2206 inquom,
1528 2142 1604 2207 nibil,
1615 2142 1717 2206 Apollini
1727 2146 1815 2193 eutem
1830 2143 1884 2192 Del·

229 2244 260 2277 so
269 2223 318 2282 πδν
332 2228 379 2296 τῆς
388 2224 539 2302 νομοθεσίας
554 2224 611 2300 είη;
632 2227 687 2288 Kal
705 2224 757 2307 ἐγὼ
772 2161 855 2304 Xerse,
870 2226 910 2285 ότι
923 2228 986 2305 ἡμῖν
1001 2227 1048 2305 μέν
1094 2229 1164 2293 ρὶιῖεο
1182 2229 1285 2280 maxime
1298 2234 1322 2280 et
1342 2229 1524 2293 preclarissimus
1540 2231 1564 2280 ei
1580 2230 1658 2294 prims
1673 2229 1799 2280 institute.
1819 2229 1895 2304 [nul

253 2312 354 2390 οὐδὲν,
369 2317 407 2394 τῷ
421 2311 509 2390 μέντοι
529 2313 670 2374 Ἀπόλλωνι
685 2319 724 2396 τῷ
742 2318 769 2374 ἐν
783 2317 892 2396 Δελφοῖς
904 2312 938 2373 τοί
960 2339 988 2374 τε
1001 2313 1047 2393 με’·
1094 2321 1211 2378 Queenem
1224 2317 1287 2368 isto?
1296 2317 1382 2382 inquit.
1400 2316 1489 2382 [soem]
1498 2318 1652 2382 ’templorum
1660 2317 1851 2368 constitutiones
1861 2317 1895 2368 et*

269 2423 347 2477 γιστα
369 2399 415 2459 καί
433 2400 562 2460 κοίλλιστα
578 2402 624 2461 καὶ
642 2406 734 2482 πρῶτα
746 2407 798 2462 τῶν
816 2402 1046 2482 νομοθετημάτων.
1093 2405 1207 2457 sacrifici&
1226 2405 1334 2470 aliusque
1352 2406 1452 2456 deorum
1473 2412 1498 2457 ei
1520 2407 1659 2457 daemonum
1683 2411 1756 2470 alque
1778 2405 1884 2456 heroum

269 2487 313 2549 Τδ
323 2489 403 2567 ποῖα;
418 2480 435 2561 ή
450 2491 473 2548 δ’
487 2488 524 2557 ὅς.
566 2489 656 2571 Ἱερῶν
675 2513 703 2550 τε
721 2489 833 2572 ἱδρύσεις
846 2492 892 2552 καί
906 2491 992 2552 θυσίαι
1003 2491 1050 2551 καὶ
1093 2494 1186 2557 cuitus,
1200 2495 1308 2559 sepulcre
1319 2501 1434 2561 preterea
1443 2495 1610 2548 detunctorum
1621 2500 1813 2560 elqureeunque
1826 2495 1885 2546 inie-

271 2575 350 2636 ἄλλαι
364 2581 428 2637 θεῶν
440 2601 468 2637 τε
482 2577 528 2637 καὶ
541 2577 670 2656 δαιμόνων
684 2578 730 2638 καλ
748 2579 841 2660 ἡρώων
856 2581 992 2662 θεραπεῖαι
1006 2603 1049 2639 τε-
1093 2583 1126 2633 ris
1136 2582 1272 2647 prestando
1281 2586 1337 2634 sunt
1347 2583 1461 2647 propitios
1471 2597 1512 2634 eos
1524 2582 1656 2642 babituris3
1670 2596 1726 2633 nem
1736 2583 1793 2634 brec
1803 2597 1884 2647 neque

245 2664 451 2738 θλευτησοίντων
464 2689 493 2725 τε
503 2657 536 2726 αθ
547 2671 625 2738 θῆκαι
638 2666 683 2724 καί
698 2665 747 2725 ὅσα
758 2670 811 2734 τοῖς
825 2669 881 2727 ἐκεῖ
894 2669 935 2726 δεῖ
946 2672 1046 2748 ύπηρε-
1092 2671 1137 2735 ipsi
1146 2671 1237 2722 scimus
1256 2677 1281 2722 et
1292 2672 1317 2722 iu
1328 2671 1453 2722 condenda
1466 2672 1562 2724 ciuitate
1575 2672 1635 2721 utrlli
1644 2671 1772 2722 credemus
1785 2671 1845 2733 aiil,
1864 2675 1885 2721 ei

251 2759 377 2822 ,τοῦπας
397 2753 474 2824 ἵλεως
498 2753 589 2822 αὐτοὺς
610 2754 687 2834 ἔχειν·
706 2754 739 2815 τὰ
756 2752 807 2836 γὰρ
822 2753 853 2828 δὴ
869 2762 978 2816 τοιαῦτα
992 2754 1047 2817 οὔτ’
1092 2759 1347 2824 sapiemus‚nulloque
1357 2761 1404 2811 elio
1416 2764 1511 2810 utemur
1524 2760 1664 2824 interprete,
1677 2760 1721 2810 nisi
1731 2759 1832 2823 petrio;
1846 2761 1895 2809 bicl

270 2841 432 2919 ἐπιστάμεθα
461 2845 537 2922 ἡμεῖς
561 2841 696 2912 οἰκίζοντές
721 2867 749 2902 τε
767 2842 843 2902 πόλιν
865 2845 949 2905 ούδενλ
975 2845 1047 2925 ἄλλῳ
1062 2847 1156 2908 cenim
1180 2852 1244 2898 certe
1259 2848 1320 2899 deos
1336 2849 1360 2898 in
1377 2848 1512 2910 hujusmodi
1529 2848 1600 2899 rebus
1611 2847 1724 2898 omnibus
1737 2847 1886 2898 bominibus

269 2929 481 3010 πεισόμεθα,ἐθν
492 2936 550 2991 νοῦν
562 2929 743 3011 ἔχωμεν,οὐδδ
753 2929 906 3013 χρησόμεθα
919 2931 1045 3016 ἐξηγητῇ,
1091 2935 1182 2998 patrius
1198 2935 1314 3000 interpres
1322 2935 1346 2986 in
1362 2937 1441 2986 medie
1459 2940 1522 2986 terre
1537 2950 1609 3001 super
1630 2936 1774 2986 umbilicum
1792 2937 1886 2988 sedens

269 3019 328 3080 ἀλλ’
341 3019 358 3092 ἢ
373 3018 532 3101 τῷπατρίῳ·
553 3011 626 3088 οὗτος
642 3018 693 3101 γθρ
712 3019 744 3091 δή
763 3043 814 3079 που
831 3025 845 3080 ὁ
863 3021 920 3092 θεὸς
942 3023 1048 3104 περὶτὰ
1091 3023 1267 3088 interpretetur.
1301 3024 1362 3089 [nn]
1381 3025 1510 3087 Prmclure,
1534 3025 1626 3090 inquit,
1644 3025 1717 3086 dicis,
1742 3029 1824 3089 etque
1852 3028 1886 3075 ile

229 3121 256 3161 8⁰
267 3113 375 3168 τοιαῦτα
392 3117 472 3168 πᾶσιν
491 3106 634 3190 ἀνθρώποις
652 3107 761 3190 πσίτριος
782 3109 910 3190 ἐξηγητής
929 3113 956 3172 ἐν
973 3111 1046 3196 μέσῳ
1090 3110 1216 3175 egendum.

267 3201 314 3268 πῶς
324 3201 373 3275 γῆς
392 3197 435 3257 ἐπί
452 3202 497 3256 τοῦ
516 3199 634 3280 ὀμφαλοῦ
651 3197 797 3276 καθήμενος
812 3199 951 3278 ἐξηγεῖται.
992 3203 1047 3264 Καὶ

267 3286 354 3352 καλῶς
366 3287 402 3365 γ’,
418 3284 481 3367 ἔφη,
498 3284 595 3364 λίγεις,
608 3283 653 3344 καί
665 3285 785 3359 ποιητέον
798 3285 874 3346 οὑτω.

307 3373 450 3458 ᾨκισμένη
471 3371 518 3452 μὲν
533 3372 627 3445 τοίνυν,
645 3364 678 3446 ήν
693 3373 716 3432 δ’
731 3373 796 3452 ἐγὼ,
811 3375 862 3448 ήδη
879 3375 911 3434 ἄν
932 3400 971 3437 σοι
989 3376 1075 3452 είη,ι1
1120 3389 1269 3457 [scutellum
1277 3390 1419 3454 constituto,
1434 3390 1608 3455 inquom,tibi,
1621 3391 1766 3442 oltristouis
1781 3392 1835 3454 iiii,
1848 3395 1883 3443 ri-

266 3452 551 3543 ῶπαῖἏρίστωνος,ή
565 3461 650 3530 πόλις·
662 3460 691 3521 τδ
704 3460 770 3534 δὲδή
785 3463 852 3542 μετὰ
863 3471 938 3526 τοῦτο
952 3465 1044 3527 σκόπει
1088 3478 1158 3530 delur
1167 3492 1219 3530 esse
1233 3479 1319 3530 ciuitas
1333 3494 1340 3529 ε
1356 3493 1399 3542 ege
1410 3480 1492 3542 igitur,
1505 3479 1570 3544 quod
1585 3478 1703 3544 reliquum
1722 3483 1779 3542 est,
1791 3494 1888 3545 specu-

227 3567 253 3608 m
268 3553 294 3610 ἐν
308 3553 375 3631 αὑτῇ
398 3554 452 3633 ρῶς
465 3550 542 3610 ποθὲν
557 3549 730 3634 πορισάμενος
751 3551 839 3612 ἱκανὸν
858 3552 935 3622 αὑτός
953 3579 982 3614 τε
999 3555 1044 3615 καὶ
1088 3567 1171 3618 lurein
1187 3581 1215 3618 es
1232 3567 1345 3618 idoneum
1367 3567 1479 3618 alicunde
1498 3568 1581 3618 lumen
1597 3567 1786 3618 adhibenscnm
1812 3570 1887 3633 ipse,

264 3640 308 3698 τὸν
322 3639 432 3720 ἀδελφὸν
445 3638 592 3720 παρακάλει
606 3637 651 3697 καί
664 3638 840 3721 Πολέμαρχον
853 3641 898 3702 καί
919 3641 977 3711 τοῦς
995 3643 1043 3703 είλ-
1088 3659 1139 3706 tum
1151 3655 1248 3707 fratrem
1259 3655 1352 3707 advoco
1367 3661 1392 3707 et
1402 3656 1585 3730 Polemurebum
1604 3661 1629 3707 et
1640 3657 1762 3722 reliquos,
1778 3658 1800 3708 si
1816 3655 1895 3709 forte*

264 3729 336 3798 λους,
349 3725 394 3785 ἐοίν
408 3751 463 3795 πως
476 3725 584 3807 ίδωμεν,
598 3733 649 3786 ποῦ
675 3731 735 3787 ποτ’
756 3725 787 3788 θν
802 3728 842 3803 εἴη
859 3735 876 3803 ἡ
893 3730 1042 3807 δικαιοσύνη
1063 3739 1065 3744 ’
1088 3743 1227 3806 videamus,
1252 3745 1349 3796 ubinam
1365 3745 1459 3807 justitie
1476 3747 1502 3796 et
1523 3744 1564 3795 ubi
1578 3744 1694 3808 iniustitia
1715 3745 1765 3806 sit,
1778 3750 1806 3797 et
1830 3761 1886 3810 quo

264 3813 309 3872 καί
316 3819 367 3874 ποῦ
380 3819 397 3886 ἡ
412 3815 513 3888 ἀδικία,
527 3814 572 3874 καὶ
588 3814 614 3874 τί
627 3815 751 3887 ἀλλήλοιν
759 3817 920 3900 διαρίρετον,
934 3819 979 3879 καί
992 3818 1043 3878 πό·
1085 3831 1147 3883 inter
1159 3847 1185 3884 se
1202 3834 1352 3899 discrepent,
1370 3835 1443 3897 etque
1454 3835 1533 3884 utrum
1545 3832 1666 3898 possidere
1676 3832 1765 3884 debeat
1779 3835 1816 3895 is,
1838 3813 1895 3900 qui*

264 3923 336 3981 τερον
349 3902 387 3960 δεῖ
403 3906 545 3974 κεκτῆσθαι
553 3903 597 3961 τδν
609 3902 738 3980 μέλλοντα
750 3905 890 3984 εὐδαίμονα
902 3897 982 3982 εἶναι,
995 3908 1040 3968 ε’ύν
1085 3920 1169 3971 beatus
1178 3922 1272 3972 iuturus
1281 3922 1326 3985 sit,
1335 3923 1386 3974 sive
1406 3923 1479 3973 istest
1488 3935 1530 3973 seu
1542 3935 1590 3972 uon
1601 3921 1738 3972 leteutdeos
1751 3936 1847 3974 omnes
1859 3931 1885 3974 er

223 4005 250 4044 te
264 4011 292 4048 τε
303 3988 417 4068 λανθοίνῃ
440 3988 486 4048 ἐοίν
496 4013 525 4048 τε
543 3989 580 4068 μή
594 3990 693 4060 πόντας
704 3991 775 4060 θεούς
786 3994 867 4054 τεκαὶ
882 3996 1040 4077 ἀνθρώπους.
1085 4007 1200 4059 bumines.
1212 4007 1270 4074 [cm]
1286 4010 1349 4061 Nihil
1358 4012 1418 4075 egis,
1427 4010 1505 4074 iuquit
1516 4009 1608 4061 Glauco
1628 4013 1673 4060 :tu
1689 4010 1756 4060 enim
1769 4009 1885 4062 investi-

263 4074 347 4137 Οὐδὲν
358 4075 450 4156 λέγεις,
464 4076 512 4157 ἔφη
524 4076 685 4138 δΓλαῦκων·
696 4079 1040 4162 σὺγθρῦπέσχυυζητήσειν,
1084 4100 1193 4158 guturum
1204 4101 1228 4146 te
1243 4111 1296 4148 esse
1307 4099 1449 4162 promisisti,
1462 4097 1528 4162 quod
1540 4098 1607 4150 nefus
1619 4097 1764 4148 tibisitnou
1778 4112 1828 4162 pro
1847 4089 1895 4150 ri*

262 4167 297 4232 ῶς
310 4166 360 4244 οὑχ
375 4162 444 4224 ὅσιόν
459 4187 498 4224 σοι
506 4163 533 4224 θν
548 4162 585 4243 μή
595 4167 624 4224 ού
640 4169 741 4246 βοηθεῖν
754 4167 904 4250 δικαιοσύνῃ
918 4173 953 4239 τίς
965 4173 1069 4234 δύω-ε
1083 4180 1149 4231 ribus
1167 4182 1269 4245 justitiae
1285 4183 1350 4233 omni
1367 4183 1440 4235 modo
1450 4184 1571 4248 opitulari,
1596 4183 1682 4250 [soum]
1703 4187 1814 4250 Verum,
1841 4189 1885 4237 in-

263 4275 307 4330 μιν
320 4250 400 4311 παντί
413 4251 509 4334 τρόπιρ,
517 4252 627 4326 Ἀληθῆ,
647 4253 710 4336 ἐρην
724 4253 791 4333 ἐγὼ,
819 4257 1039 4339 ὑπομιμνήσκεις,
1085 4282 1170 4332 quun,
1185 4272 1360 4333 mones,etite
1368 4278 1431 4324 certe
1445 4271 1818 4337 egendumoportettemeuet
1834 4289 1887 4326 ros

257 4339 302 4399 καὶ
309 4338 431 4413 ποιητέον
446 4339 493 4418 μίν
505 4364 535 4420 γε
546 4339 641 4414 ούτως,
658 4342 710 4423 χρὴ
735 4343 762 4402 δὲ
779 4343 824 4402 καί
837 4349 905 4422 ὑμᾶς
921 4346 1038 4427 ξυλλαμ-
1084 4357 1109 4407 in
1122 4359 1257 4409 societatem
1267 4361 1355 4412 venire.
1366 4359 1425 4427 [cn]
1437 4362 1481 4424 rt,
1492 4361 1584 4425 inquit,
1598 4361 1632 4411 ite
1639 4361 1767 4412 iaciemus.
1778 4361 1885 4429 [soem]

218 4427 356 4488 ιεόόνειν.
398 4428 714 4509 Ἆλλ’,ἔρη,ποιήσομεν
728 4431 805 4492 οὕτω.
860 4433 977 4505 Ἐλπίζω
988 4438 1038 4498 τοί·
1082 4448 1155 4508 Spero
1166 4446 1246 4508 igitur,
1261 4449 1375 4511 inquom,
1394 4449 1438 4498 bec
1450 4449 1542 4499 ratione
1557 4463 1596 4500 me
1614 4449 1773 4500 inuenturum
1788 4465 1795 4498 :
1811 4453 1888 4503 urbi·

260 4540 315 4590 νυν,
337 4507 370 4588 ήν
391 4517 415 4575 δ’
429 4515 495 4596 ἐγὼ,
517 4515 636 4598 εὑρήσειν
659 4519 723 4579 αὐτὸ
745 4511 812 4581 dte·
827 4514 901 4601 οἶμαι
912 4529 975 4601 ἡμῖν
988 4524 1036 4597 τήν
1082 4534 1131 4583 lror
1147 4535 1267 4586 ciritetem
1287 4536 1367 4598 nobis,
1385 4541 1405 4588 st
1422 4541 1485 4588 recte
1497 4538 1693 4600 constituisset,
1706 4538 1820 4602 perleete
1836 4535 1895 4590 1νοῦ

246 4604 345 4678 -πολιν,
355 4603 428 4686 εἴπερ
454 4606 536 4686 ὀρθῶς
548 4629 578 4682 γε
589 4603 713 4684 ᾤκισται,
735 4608 830 4678 τελίως
843 4609 941 4691 ἀγαθὴν
959 4603 1035 4674 εἶναι.
1077 4635 1137 4691 Ιιιιιιιι
1150 4623 1395 4688 esse.[cn.]ltecesse
1409 4629 1460 4689 eet,
1472 4625 1559 4690 inquit.
1571 4625 1657 4691 [soum]
1674 4629 1762 4690 licque
1784 4631 1811 4676 et
1839 4643 1886 4680 su-

260 4691 452 4774 Ἇνόγκη,ἔρη.
494 4694 579 4764 Δῆλον
590 4692 632 4773 δή,
641 4693 679 4753 ότι
691 4697 759 4778 σορή
770 4698 793 4756 τ’
807 4699 861 4758 ἐστί
873 4701 918 4759 καὶ
932 4701 1037 4783 αἰνδρεία
1082 4712 1186 4774 pientem
1195 4713 1344 4765 etlortemet
1353 4716 1527 4777 temperantem
1539 4717 1565 4764 et
1582 4715 1673 4777 justum
1685 4701 1740 4765 eum
1755 4727 1814 4764 esse
1835 4731 1885 4780 ep-

259 4777 304 4836 καλ
325 4777 435 4862 σώρρων
449 4779 495 4839 καί
515 4779 613 4843 δικαία.
655 4784 751 4854 Δῆλον.
767 4786 919 4847 Ούκοῦνότι
933 4787 965 4849 διν
986 4793 1033 4848 αὖ·
1077 4803 1152 4864 peret.
1165 4799 1224 4866 [αα]
1236 4803 1347 4864 Apparet.
1360 4799 1447 4866 [sons]
1459 4801 1580 4865 Quicquid
1595 4801 1682 4852 borum
1700 4800 1776 4863 igitur
1792 4803 1824 4852 in
1848 4818 1885 4856 ee

224 4879 251 4918 5⁰
258 4871 310 4924 τῶν
320 4865 435 4948 εὑρωμεν
450 4870 476 4927 ἐν
491 4870 557 4949 αὐτῇ
563 4913 572 4944 ,
584 4868 614 4929 πδ
629 4872 770 4932 ὑπόλοιπον
781 4872 855 4934 ἔσται
868 4875 1034 4960 τδούχεὺρη·
1077 4886 1253 4952 invenerimus,
1270 4902 1350 4940 nonne
1371 4891 1490 4954 reliquom
1508 4890 1554 4940 erit
1573 4902 1622 4940 uon
1640 4888 1786 4939 inventum?
1807 4889 1886 4958 [cm]

205 4953 349 5030 όῖδμὲνονς
360 4955 396 5016 Τί
406 4955 473 5035 μήν,
484 4953 590 5038 ΙὨσπερ
601 4957 685 5018 τοίνυν
697 4959 784 5022 ἄλλων
797 4967 872 5024 τινῶν
892 4965 1033 5048 τεττάρων,
1048 4989 1066 5031 a
1079 4976 1144 5035 Quid
1155 4981 1240 5044 perro?
1249 4976 1336 5043 [soem]
1345 4980 1428 5040 lisque
1442 4979 1506 5028 sicut
1516 4977 1541 5027 in
1560 4977 1613 5028 eliis
1629 4971 1781 5040 quibuslibet
1798 4983 1886 5040 quat·

245 5043 281 5100 ,εἰ
293 5038 320 5099 ἐν
333 5065 359 5100 τι
378 5044 518 5122 ἐζητοῦμεν
539 5045 625 5105 αὑτῶν
649 5049 676 5106 ἐν
695 5053 803 5131 ότιροῦν,
826 5051 904 5112 θπότε
930 5057 1032 5135 πρῶτον
1077 5066 1143 5126 tuor,
1153 5063 1173 5112 si
1183 5076 1258 5112 unum
1267 5060 1358 5124 eliquid
1366 5059 1571 5123 eoruminuliquc
1580 5070 1753 5122 quereremus,
1762 5063 1883 5121 quando

259 5129 340 5188 ἐκεῖνο
354 5127 478 5208 ίγνωμεν,
492 5132 587 5202 ἱκανῶς
599 5130 632 5192 δν
654 5124 724 5216 ε’ίχεν
745 5139 819 5216 ἡμῖν,
833 5141 857 5198 εἰ
877 5137 905 5200 δέ
927 5138 960 5200 τδι
974 5141 1033 5224 τρία
1077 5151 1183 5216 primurn
1197 5148 1454 5211 tludimgnossemus,
1471 5144 1528 5196 solis
1543 5144 1612 5195 nobis
1623 5143 1685 5195 emet
1701 5141 1816 5208 lectum,
1833 5148 1885 5202 ἡ

258 5215 382 5298 πρότερον
396 5218 583 5300 ἐγνωρίσαμεν,
604 5222 676 5305 αὐτῷ
689 5223 722 5306 dy
741 5225 825 5309 τούτῳ
848 5226 986 5310 ἐγνώριστο
1000 5229 1034 5292 ,τδ
1078 5239 1156 5288 eutem
1164 5237 1209 5287 trie
1219 5236 1310 5300 relique
1323 5236 1387 5298 prius
1400 5233 1596 5298 agnovissemus,
1607 5235 1653 5284 boc
1660 5235 1713 5300 ipso
1725 5235 1884 5300 quaesitum
