3810 5862
149 1065 214 1133 His
232 1085 320 1132 ame
336 1056 464 1128 litteris
478 1081 549 1128 una
569 1080 652 1127 cum
677 1055 839 1146 Civitate,
852 1056 981 1126 Timaeo
1000 1073 1033 1127 et
1049 1059 1156 1130 Critia
1172 1061 1325 1130 Parisios
1340 1061 1458 1132 missis
1476 1059 1683 1145 Ditbnerus,

103 1187 154 1254 vir
174 1184 423 1268 doctissimus,
444 1179 587 1250 edendo
604 1181 704 1276 operi
726 1180 912 1277 praefectus
930 1206 1003 1251 uon
1021 1184 1137 1253 solum
1160 1208 1268 1278 qoam
1286 1182 1576 1254 emendatissime
1601 1208 1685 1280 quae

105 1308 277 1378 misissem
294 1303 503 1376 excudenda
522 1304 672 1389 curavit,
690 1308 932 1374 verumetiam
947 1319 988 1374 ut
1003 1306 1245 1377 emendatiora
1261 1306 1389 1376 fierent
1408 1331 1553 1404 operam
1569 1306 1680 1380 dedit.

102 1431 251 1502 Codicis
269 1430 368 1499 euim
388 1427 534 1497 Parisiui
553 1430 595 1496 A.
618 1427 652 1496 in
667 1403 815 1496 Civitate
830 1428 1078 1498 auctoritatem
1088 1453 1266 1498 summam
1286 1452 1362 1497 esse
1379 1428 1580 1522 intelligens
1600 1453 1683 1497 cum

105 1555 257 1624 minime
282 1550 451 1622 omnibus
477 1550 565 1632 locis
586 1551 669 1620 satis
693 1549 738 1620 de
760 1575 801 1620 ea
833 1565 995 1620 constare
1013 1550 1169 1640 videret,
1189 1565 1351 1620 accurate
1372 1575 1453 1620 eum
1476 1549 1628 1620 contulit
1648 1566 1684 1620 et

107 1677 251 1746 inventa
273 1701 336 1764 ea,
360 1699 439 1770 quaa
459 1699 524 1768 ego
542 1674 571 1743 si
594 1678 732 1766 cognita
752 1672 977 1758 habuissem,
997 1689 1206 1769 recepturus
1223 1673 1327 1744 [uisse
1345 1673 1506 1760 viderer,
1527 1698 1684 1770 quornm

106 1825 189 1896 pars
214 1777 365 1869 maxima
393 1797 438 1868 ad
461 1798 600 1867 hiatum
631 1811 666 1866 et
689 1797 874 1868 elisionem
896 1798 1071 1893 perimet,
1089 1798 1166 1893 ipse
1185 1798 1333 1892 recepit,
1351 1798 1488 1892 reliqua
1518 1797 1683 1867 noudum

107 1922 253 2015 cognita
269 1945 351 1990 cum
373 1921 592 2011 diversarum
612 1944 785 1990 manuum
812 1919 1075 2014 significatione
1105 1945 1246 1990 mecum
1271 1920 1577 2008 communicavit,
1599 1934 1637 1988 ut
1655 1920 1682 1988 si

107 2042 200 2136 qnid
221 2027 315 2138 opus
338 2058 451 2130 esset,
476 2042 675 2113 secundum
695 2068 735 2113 ea
761 2057 949 2112 mutarem.
977 2025 1103 2138 itaque
1123 2045 1251 2112 iterum
1268 2043 1452 2112 Civitatem
1480 2042 1684 2134 recognovi,

109 2164 322 2236 aDt'tbnero
344 2180 484 2263 recepta
509 2164 673 2262 probavi,
706 2165 815 2236 multa
841 2166 907 2235 alia
928 2165 1089 2258 ejusdem
1111 2167 1250 2258 generis
1268 2180 1303 2236 et
1329 2141 1505 2236 nonnulla
1524 2165 1685 2258 graviora

110 2287 235 2358 eadem
262 2290 472 2360 auctoritate
498 2287 642 2358 mutavi.
670 2293 790 2383 Neque
816 2313 902 2358 vero
924 2288 985 2358 hic
1004 2289 1161 2359 substitit
1179 2288 1343 2358 Ditbneri
1366 2287 1549 2358 auxilium.
1569 2287 1685 2356 Etiam

112 2412 294 2498 Timaeum,
313 2414 458 2482 Critiam
476 2427 511 2481 et
523 2415 644 2506 Leges,
663 2417 785 2506 quales
797 2413 918 2482 Turici
936 2436 1053 2507 nuper
1067 2411 1289 2507 prodierunt,
1312 2435 1395 2481 cum
1410 2409 1538 2480 eodem
1561 2409 1685 2480 codice

112 2533 173 2634 itta
195 2537 230 2604 iu
251 2534 309 2604 his
329 2560 475 2631 quoque
495 2537 634 2632 optimo
649 2537 869 2631 comparavit
886 2550 920 2606 et
941 2559 1167 2630 quacunque
1188 2534 1423 2630 discrepantia
1443 2534 1542 2618 vidit,
1561 2558 1606 2603 ne
1623 2558 1685 2630 pa·

113 2659 273 2752 ragogica
297 2659 443 2752 quidem
472 2659 588 2729 littera
616 2663 643 2728 N
675 2674 836 2755 excepta,
865 2659 967 2754 cujus
993 2660 1029 2727 in
1063 2659 1211 2728 Civitate
1239 2659 1414 2726 rationem
1447 2681 1521 2726 nou
1550 2655 1685 2750 ubique

112 2779 303 2868 habuerat,
319 2781 407 2850 mihi
425 2781 608 2852 indicavit.
636 2783 699 2852 His
713 2782 829 2878 copiis
847 2781 1190 2852 liberaliterauctus
1211 2781 1246 2851 in
1261 2781 1366 2852 Critia
1384 2779 1531 2875 quidem
1554 2804 1682 2875 pauca,

113 2904 146 2972 in
162 2905 292 2974 Timaeo
315 2929 399 2974 vero
414 2903 528 3000 plura,
540 2907 649 3000 quam
669 2904 901 2990 credideram,
916 2903 1017 2974 aliter
1029 2929 1136 2999 quarn
1149 2903 1258 2999 vulgo
1269 2919 1303 2974 et
1320 2903 1507 2974 scribenda
1523 2918 1557 2972 et
1579 2903 1686 2972 inter·

114 3027 284 3121 pretanda
301 3052 376 3098 esse
392 3027 625 3124 deprehendi.
644 3031 732 3115 Quae
746 3053 820 3125 quo
839 3053 957 3099 minua
975 3027 1034 3098 hic
1052 3029 1087 3097 iu
1103 3043 1297 3124 conspectu
1317 3020 1509 3123 ponerem,
1529 3027 1610 3096 dnae
1630 3051 1685 3120 res

114 3150 374 3245 impedimento
397 3151 562 3240 fuerunt,
592 3153 767 3248 primum,
789 3151 889 3247 quod
908 3167 1098 3246 apparatus
1125 3151 1259 3235 critici,
1274 3175 1347 3246 quo
1368 3175 1453 3220 usus
1482 3174 1583 3238 sum,
1606 3150 1686 3219 uni-

113 3275 202 3343 versi
223 3273 421 3344 aestimandi
436 3274 582 3344 facultas
595 3275 760 3345 noudum
774 3279 855 3346 data
871 3289 945 3346 erat
966 3273 1176 3356 lectoribus,
1194 3273 1336 3359 deinde,
1356 3273 1456 3368 quod
1472 3273 1587 3342 multo
1607 3273 1687 3368 plu·

113 3395 210 3466 ribus
229 3422 324 3492 saepe
340 3396 385 3467 ad
406 3397 574 3467 tuendam
601 3398 792 3468 lectionem
812 3413 847 3468 et
869 3399 1196 3494 interpretationem
1213 3422 1327 3467 meam
1351 3421 1443 3492 opus
1463 3410 1538 3466 erat
1557 3395 1686 3482 verbis,

113 3543 218 3612 qnam
233 3544 315 3614 quae
334 3518 394 3590 hic
416 3520 518 3590 locus
540 3537 693 3617 caperet.
728 3527 850 3616 ltaque
874 3547 998 3592 eorum
1025 3537 1164 3592 tantum
1195 3520 1330 3614 subjeci
1350 3520 1526 3607 indicem,
1547 3543 1626 3615 quae
1649 3519 1686 3588 in

113 3641 269 3728 Civitate,
291 3642 394 3736 cujus
413 3657 524 3713 exstat
546 3644 690 3714 criticus
710 3659 917 3740 apparatus,
946 3645 1146 3714 secundum
1167 3644 1363 3712 Parisinum
1383 3641 1543 3711 codicem
1564 3641 1687 3710 <leutio
1721 3631 1725 3641 ’

113 3763 282 3835 collatum
302 3764 405 3835 aliter
423 3791 530 3860 quam
563 3782 665 3837 antea
692 3768 883 3839 scribenda
905 3768 1044 3870 putavi,
1064 3767 1212 3859 adjectis
1236 3765 1476 3860 quibusdam,
1498 3789 1577 3860 (pur
1604 3763 1686 3832 licet

115 3910 174 3979 per
202 3912 240 3956 se
261 3904 357 3959 certa
372 3905 506 3977 esseut,
527 3905 646 3960 tamen
663 3893 871 3964 testimonio
887 3892 1096 3986 gravissimo
1111 3890 1229 3960 adhuc
1249 3887 1430 3959 carebant.
