<?xml version="1.0" encoding="UTF-8"?>
<!DOCTYPE html PUBLIC "-//W3C//DTD XHTML 1.0 Transitional//EN"
    "http://www.w3.org/TR/xhtml1/DTD/xhtml1-transitional.dtd">
<html xmlns="http://www.w3.org/1999/xhtml" xml:lang="en" lang="en">
 <head>
  <title>
</title>
<meta http-equiv="Content-Type" content="text/html;charset=utf-8" />
  <meta name='ocr-system' content='tesseract 3.04.00' />
  <meta name='ocr-capabilities' content='ocr_page ocr_carea ocr_par ocr_line ocrx_word'/>
</head>
<body>
  <div class='ocr_page' id='page_1' title='image "./platonisopera00hunzgoog/platonisopera00hunzgoog_0140.png"; bbox 0 0 3782 5840; ppageno 0'>
   <div class='ocr_carea' id='block_1_1' title="bbox 39 457 1632 544">
    <p class='ocr_par' dir='ltr' id='par_1_1' title="bbox 39 457 1632 544">
     <span class='ocr_line' id='line_1_1' title="bbox 39 457 1632 544; baseline 0.004 -23"><span class='ocrx_word' id='word_1_1' title='bbox 39 469 87 544; x_wconf 88' lang='grc' dir='ltr'>(ιιι,</span> <span class='ocrx_word' id='word_1_2' title='bbox 102 459 161 538; x_wconf 76' lang='grc' dir='ltr'>ιιι.)</span> <span class='ocrx_word' id='word_1_3' title='bbox 647 457 814 519; x_wconf 68' lang='lat' dir='ltr'><strong>civitas</strong></span> <span class='ocrx_word' id='word_1_4' title='bbox 836 459 907 520; x_wconf 82' lang='lat' dir='ltr'><strong>Lis.</strong></span> <span class='ocrx_word' id='word_1_5' title='bbox 930 459 997 521; x_wconf 84' lang='lat' dir='ltr'><strong>vit.</strong></span> <span class='ocrx_word' id='word_1_6' title='bbox 1575 473 1632 528; x_wconf 82' lang='lat' dir='ltr'>tas</span> 
     </span>
    </p>
   </div>
   <div class='ocr_carea' id='block_1_2' title="bbox 16 589 1704 4483">
    <p class='ocr_par' dir='ltr' id='par_1_2' title="bbox 16 589 1704 4483">
     <span class='ocr_line' id='line_1_2' title="bbox 38 589 1640 677; baseline 0.001 -20"><span class='ocrx_word' id='word_1_7' title='bbox 38 599 98 657; x_wconf 79' lang='grc' dir='ltr'>εἴδεσι</span> <span class='ocrx_word' id='word_1_8' title='bbox 112 595 297 677; x_wconf 63' lang='grc' dir='ltr'>προσρρῶνται</span> <span class='ocrx_word' id='word_1_9' title='bbox 311 589 592 672; x_wconf 81' lang='grc' dir='ltr'>καδτοδςλόγουςπερδ</span> <span class='ocrx_word' id='word_1_10' title='bbox 607 590 693 650; x_wconf 75' lang='grc' dir='ltr'>αὐτῶν</span> <span class='ocrx_word' id='word_1_11' title='bbox 707 597 810 651; x_wconf 84' lang='grc' dir='ltr'>ποιοῦν·</span> <span class='ocrx_word' id='word_1_12' title='bbox 854 599 912 650; x_wconf 86' lang='lat' dir='ltr'><strong>ittnd</strong></span> <span class='ocrx_word' id='word_1_13' title='bbox 934 601 993 661; x_wconf 87' lang='lat' dir='ltr'><strong>suis,</strong></span> <span class='ocrx_word' id='word_1_14' title='bbox 1012 600 1136 665; x_wconf 70' lang='lat' dir='ltr'><strong>speciebus</strong></span> <span class='ocrx_word' id='word_1_15' title='bbox 1157 615 1199 652; x_wconf 89' lang='lat' dir='ltr'>eos</span> <span class='ocrx_word' id='word_1_16' title='bbox 1219 602 1267 666; x_wconf 89' lang='lat' dir='ltr'><strong>nti,</strong></span> <span class='ocrx_word' id='word_1_17' title='bbox 1284 616 1340 666; x_wconf 78' lang='lat' dir='ltr'><strong>quse</strong></span> <span class='ocrx_word' id='word_1_18' title='bbox 1357 606 1498 667; x_wconf 89' lang='lat' dir='ltr'><strong>eemnntur,</strong></span> <span class='ocrx_word' id='word_1_19' title='bbox 1509 605 1588 671; x_wconf 72' lang='lat' dir='ltr'><strong>derne</strong></span> <span class='ocrx_word' id='word_1_20' title='bbox 1609 607 1640 658; x_wconf 88' lang='lat' dir='ltr'>ita</span> 
     </span>
     <span class='ocr_line' id='line_1_3' title="bbox 38 678 1638 764; baseline 0.001 -20"><span class='ocrx_word' id='word_1_21' title='bbox 38 709 69 744; x_wconf 84' lang='grc' dir='ltr'>ιιι</span> <span class='ocrx_word' id='word_1_22' title='bbox 81 688 107 744; x_wconf 79' lang='grc' dir='ltr'>οὐ</span> <span class='ocrx_word' id='word_1_23' title='bbox 131 681 310 764; x_wconf 79' lang='grc' dir='ltr'>περὶτούτων</span> <span class='ocrx_word' id='word_1_24' title='bbox 330 680 524 758; x_wconf 77' lang='grc' dir='ltr'>διανοούμενοι,</span> <span class='ocrx_word' id='word_1_25' title='bbox 539 682 600 738; x_wconf 86' lang='grc' dir='ltr'>ἀλλ’</span> <span class='ocrx_word' id='word_1_26' title='bbox 614 678 719 738; x_wconf 76' lang='grc' dir='ltr'>ἐκείνων</span> <span class='ocrx_word' id='word_1_27' title='bbox 733 681 808 761; x_wconf 86' lang='grc' dir='ltr'>πέρι,</span> <span class='ocrx_word' id='word_1_28' title='bbox 856 689 929 739; x_wconf 82' lang='lat' dir='ltr'><strong>verba</strong></span> <span class='ocrx_word' id='word_1_29' title='bbox 940 689 1030 751; x_wconf 87' lang='lat' dir='ltr'><strong>iacere,</strong></span> <span class='ocrx_word' id='word_1_30' title='bbox 1047 704 1194 754; x_wconf 85' lang='lat' dir='ltr'><strong>quamquam</strong></span> <span class='ocrx_word' id='word_1_31' title='bbox 1216 705 1265 741; x_wconf 90' lang='lat' dir='ltr'>non</span> <span class='ocrx_word' id='word_1_32' title='bbox 1282 704 1323 742; x_wconf 89' lang='lat' dir='ltr'>eas</span> <span class='ocrx_word' id='word_1_33' title='bbox 1341 692 1367 742; x_wconf 87' lang='lat' dir='ltr'>in</span> <span class='ocrx_word' id='word_1_34' title='bbox 1387 697 1469 744; x_wconf 89' lang='lat' dir='ltr'><strong>mente</strong></span> <span class='ocrx_word' id='word_1_35' title='bbox 1477 694 1579 758; x_wconf 84' lang='lat' dir='ltr'><strong>hahent,</strong></span> <span class='ocrx_word' id='word_1_36' title='bbox 1596 696 1638 746; x_wconf 88' lang='lat' dir='ltr'>sed</span> 
     </span>
     <span class='ocr_line' id='line_1_4' title="bbox 37 765 1640 854; baseline 0 -20"><span class='ocrx_word' id='word_1_37' title='bbox 37 765 64 840; x_wconf 74' lang='grc' dir='ltr'>οἷς</span> <span class='ocrx_word' id='word_1_38' title='bbox 74 777 152 832; x_wconf 77' lang='grc' dir='ltr'>ταῦτα</span> <span class='ocrx_word' id='word_1_39' title='bbox 166 769 253 848; x_wconf 75' lang='lat' dir='ltr'><strong>loma,</strong></span> <span class='ocrx_word' id='word_1_40' title='bbox 268 776 317 830; x_wconf 74' lang='grc' dir='ltr'>τοῦ</span> <span class='ocrx_word' id='word_1_41' title='bbox 332 767 497 854; x_wconf 74' lang='grc' dir='ltr'>τετραγώνου</span> <span class='ocrx_word' id='word_1_42' title='bbox 514 770 594 829; x_wconf 69' lang='lat' dir='ltr'><strong>ndacii</strong></span> <span class='ocrx_word' id='word_1_43' title='bbox 608 767 684 828; x_wconf 76' lang='grc' dir='ltr'>ἕνεκα</span> <span class='ocrx_word' id='word_1_44' title='bbox 695 767 811 836; x_wconf 84' lang='grc' dir='ltr'>τοθςλό-</span> <span class='ocrx_word' id='word_1_45' title='bbox 855 775 911 838; x_wconf 86' lang='lat' dir='ltr'><strong>itta,</strong></span> <span class='ocrx_word' id='word_1_46' title='bbox 921 793 1025 840; x_wconf 88' lang='lat' dir='ltr'><strong>quoram</strong></span> <span class='ocrx_word' id='word_1_47' title='bbox 1037 779 1090 829; x_wconf 84' lang='lat' dir='ltr'><strong>hsce</strong></span> <span class='ocrx_word' id='word_1_48' title='bbox 1100 780 1227 830; x_wconf 85' lang='lat' dir='ltr'><strong>simulacra</strong></span> <span class='ocrx_word' id='word_1_49' title='bbox 1236 780 1556 846; x_wconf 82' lang='lat' dir='ltr'><strong>sunt,quadreagutiipsins</strong></span> <span class='ocrx_word' id='word_1_50' title='bbox 1567 798 1640 835; x_wconf 89' lang='lat' dir='ltr'><strong>causa</strong></span> 
     </span>
     <span class='ocr_line' id='line_1_5' title="bbox 35 855 1639 939; baseline 0.002 -20"><span class='ocrx_word' id='word_1_51' title='bbox 35 885 80 936; x_wconf 68' lang='grc' dir='ltr'>γους</span> <span class='ocrx_word' id='word_1_52' title='bbox 93 857 244 937; x_wconf 87' lang='grc' dir='ltr'>ποιούμενοι</span> <span class='ocrx_word' id='word_1_53' title='bbox 257 857 305 917; x_wconf 84' lang='grc' dir='ltr'>καλ</span> <span class='ocrx_word' id='word_1_54' title='bbox 318 857 460 939; x_wconf 82' lang='grc' dir='ltr'>διαμέτρου</span> <span class='ocrx_word' id='word_1_55' title='bbox 474 859 570 933; x_wconf 74' lang='grc' dir='ltr'>αὐτῆς,</span> <span class='ocrx_word' id='word_1_56' title='bbox 586 857 644 916; x_wconf 78' lang='grc' dir='ltr'>ἀλλ’</span> <span class='ocrx_word' id='word_1_57' title='bbox 658 859 688 917; x_wconf 84' lang='grc' dir='ltr'>οὐ</span> <span class='ocrx_word' id='word_1_58' title='bbox 701 855 809 937; x_wconf 80' lang='grc' dir='ltr'>ταύτης,</span> <span class='ocrx_word' id='word_1_59' title='bbox 856 865 930 915; x_wconf 81' lang='lat' dir='ltr'><strong>verba</strong></span> <span class='ocrx_word' id='word_1_60' title='bbox 949 866 1061 916; x_wconf 73' lang='lat' dir='ltr'><strong>facientes</strong></span> <span class='ocrx_word' id='word_1_61' title='bbox 1077 868 1102 918; x_wconf 85' lang='lat' dir='ltr'>et</span> <span class='ocrx_word' id='word_1_62' title='bbox 1117 867 1230 919; x_wconf 86' lang='lat' dir='ltr'><strong>diametri</strong></span> <span class='ocrx_word' id='word_1_63' title='bbox 1249 869 1337 932; x_wconf 90' lang='lat' dir='ltr'><strong>ipsius,</strong></span> <span class='ocrx_word' id='word_1_64' title='bbox 1349 881 1398 920; x_wconf 90' lang='lat' dir='ltr'>non</span> <span class='ocrx_word' id='word_1_65' title='bbox 1410 871 1476 932; x_wconf 81' lang='lat' dir='ltr'><strong>ejus,</strong></span> <span class='ocrx_word' id='word_1_66' title='bbox 1490 885 1562 934; x_wconf 87' lang='lat' dir='ltr'><strong>quam</strong></span> <span class='ocrx_word' id='word_1_67' title='bbox 1582 872 1639 922; x_wconf 83' lang='lat' dir='ltr'><strong>deti·</strong></span> 
     </span>
     <span class='ocr_line' id='line_1_6' title="bbox 18 938 1641 1031; baseline 0.004 -25"><span class='ocrx_word' id='word_1_68' title='bbox 18 953 58 1022; x_wconf 75' lang='grc' dir='ltr'>ιῆν</span> <span class='ocrx_word' id='word_1_69' title='bbox 69 948 209 1031; x_wconf 76' lang='grc' dir='ltr'>γράφουσι,</span> <span class='ocrx_word' id='word_1_70' title='bbox 230 947 278 1008; x_wconf 84' lang='grc' dir='ltr'>καλ</span> <span class='ocrx_word' id='word_1_71' title='bbox 299 938 387 1008; x_wconf 66' lang='grc' dir='ltr'>τᾶλλα</span> <span class='ocrx_word' id='word_1_72' title='bbox 413 944 510 1024; x_wconf 79' lang='grc' dir='ltr'>οὕτως,</span> <span class='ocrx_word' id='word_1_73' title='bbox 525 945 594 1006; x_wconf 76' lang='grc' dir='ltr'>αὐτὰ</span> <span class='ocrx_word' id='word_1_74' title='bbox 613 945 660 1024; x_wconf 83' lang='grc' dir='ltr'>μέν</span> <span class='ocrx_word' id='word_1_75' title='bbox 682 945 812 1024; x_wconf 59' lang='lat' dir='ltr'><strong>raim&amp;</strong></span> <span class='ocrx_word' id='word_1_76' title='bbox 828 959 926 1010; x_wconf 77' lang='grc' dir='ltr'>ουσιαι</span> <span class='ocrx_word' id='word_1_77' title='bbox 932 957 974 1017; x_wconf 90' lang='lat' dir='ltr'>,et</span> <span class='ocrx_word' id='word_1_78' title='bbox 983 955 1075 1019; x_wconf 83' lang='lat' dir='ltr'><strong>reliqna</strong></span> <span class='ocrx_word' id='word_1_79' title='bbox 1083 957 1155 1017; x_wconf 86' lang='lat' dir='ltr'><strong>item,</strong></span> <span class='ocrx_word' id='word_1_80' title='bbox 1167 956 1200 1007; x_wconf 91' lang='lat' dir='ltr'>ita</span> <span class='ocrx_word' id='word_1_81' title='bbox 1210 961 1237 1006; x_wconf 88' lang='lat' dir='ltr'><strong>nt</strong></span> <span class='ocrx_word' id='word_1_82' title='bbox 1248 958 1286 1007; x_wconf 90' lang='lat' dir='ltr'><strong>tris</strong></span> <span class='ocrx_word' id='word_1_83' title='bbox 1295 957 1367 1021; x_wconf 88' lang='lat' dir='ltr'><strong>ipsis,</strong></span> <span class='ocrx_word' id='word_1_84' title='bbox 1377 972 1434 1022; x_wconf 83' lang='lat' dir='ltr'><strong>quae</strong></span> <span class='ocrx_word' id='word_1_85' title='bbox 1442 957 1544 1021; x_wconf 82' lang='lat' dir='ltr'><strong>figuram</strong></span> <span class='ocrx_word' id='word_1_86' title='bbox 1554 960 1641 1012; x_wconf 81' lang='lat' dir='ltr'><strong>deseri·</strong></span> 
     </span>
     <span class='ocr_line' id='line_1_7' title="bbox 35 1025 1642 1120; baseline 0.002 -25"><span class='ocrx_word' id='word_1_87' title='bbox 35 1036 199 1098; x_wconf 81' lang='grc' dir='ltr'>τλσίττουσίτι</span> <span class='ocrx_word' id='word_1_88' title='bbox 209 1035 257 1096; x_wconf 82' lang='grc' dir='ltr'>καλ</span> <span class='ocrx_word' id='word_1_89' title='bbox 267 1033 422 1120; x_wconf 69' lang='grc' dir='ltr'>γράφουσιν,</span> <span class='ocrx_word' id='word_1_90' title='bbox 435 1025 472 1094; x_wconf 75' lang='grc' dir='ltr'>ὧν</span> <span class='ocrx_word' id='word_1_91' title='bbox 481 1034 527 1094; x_wconf 79' lang='grc' dir='ltr'>καλ</span> <span class='ocrx_word' id='word_1_92' title='bbox 539 1033 612 1094; x_wconf 81' lang='grc' dir='ltr'>σκιαὶ</span> <span class='ocrx_word' id='word_1_93' title='bbox 622 1035 668 1094; x_wconf 81' lang='grc' dir='ltr'>καλ</span> <span class='ocrx_word' id='word_1_94' title='bbox 679 1036 706 1092; x_wconf 87' lang='grc' dir='ltr'>έν</span> <span class='ocrx_word' id='word_1_95' title='bbox 720 1033 812 1094; x_wconf 78' lang='grc' dir='ltr'>ὕδασιν</span> <span class='ocrx_word' id='word_1_96' title='bbox 857 1041 983 1106; x_wconf 70' lang='lat' dir='ltr'><strong>bautone,</strong></span> <span class='ocrx_word' id='word_1_97' title='bbox 996 1057 1099 1107; x_wconf 86' lang='lat' dir='ltr'><strong>qnorum</strong></span> <span class='ocrx_word' id='word_1_98' title='bbox 1110 1046 1136 1096; x_wconf 88' lang='lat' dir='ltr'>et</span> <span class='ocrx_word' id='word_1_99' title='bbox 1155 1045 1249 1095; x_wconf 78' lang='lat' dir='ltr'><strong>umbras</strong></span> <span class='ocrx_word' id='word_1_100' title='bbox 1271 1048 1329 1094; x_wconf 89' lang='lat' dir='ltr'><strong>sunt</strong></span> <span class='ocrx_word' id='word_1_101' title='bbox 1341 1049 1366 1095; x_wconf 88' lang='lat' dir='ltr'>et</span> <span class='ocrx_word' id='word_1_102' title='bbox 1386 1047 1411 1095; x_wconf 93' lang='lat' dir='ltr'>in</span> <span class='ocrx_word' id='word_1_103' title='bbox 1422 1047 1492 1110; x_wconf 86' lang='lat' dir='ltr'><strong>aquis</strong></span> <span class='ocrx_word' id='word_1_104' title='bbox 1511 1046 1642 1110; x_wconf 80' lang='lat' dir='ltr'>imagines,</span> 
     </span>
     <span class='ocr_line' id='line_1_8' title="bbox 36 1115 1641 1204; baseline 0.001 -20"><span class='ocrx_word' id='word_1_105' title='bbox 36 1125 115 1193; x_wconf 82' lang='grc' dir='ltr'>εἰκόνες</span> <span class='ocrx_word' id='word_1_106' title='bbox 129 1125 200 1204; x_wconf 81' lang='grc' dir='ltr'>εἷσλ,</span> <span class='ocrx_word' id='word_1_107' title='bbox 219 1121 322 1193; x_wconf 88' lang='grc' dir='ltr'>τούτοις</span> <span class='ocrx_word' id='word_1_108' title='bbox 336 1121 385 1202; x_wconf 81' lang='grc' dir='ltr'>μέν</span> <span class='ocrx_word' id='word_1_109' title='bbox 399 1127 434 1192; x_wconf 78' lang='grc' dir='ltr'>ὣς</span> <span class='ocrx_word' id='word_1_110' title='bbox 448 1122 543 1183; x_wconf 82' lang='grc' dir='ltr'>εἰκόσιν</span> <span class='ocrx_word' id='word_1_111' title='bbox 567 1115 602 1182; x_wconf 79' lang='grc' dir='ltr'>αθ</span> <span class='ocrx_word' id='word_1_112' title='bbox 622 1122 754 1204; x_wconf 78' lang='grc' dir='ltr'>χρώμενοι</span> <span class='ocrx_word' id='word_1_113' title='bbox 768 1125 812 1198; x_wconf 75' lang='grc' dir='ltr'>ζη-</span> <span class='ocrx_word' id='word_1_114' title='bbox 856 1133 979 1195; x_wconf 88' lang='lat' dir='ltr'><strong>tamqnam</strong></span> <span class='ocrx_word' id='word_1_115' title='bbox 989 1132 1134 1195; x_wconf 83' lang='lat' dir='ltr'><strong>imaginibus</strong></span> <span class='ocrx_word' id='word_1_116' title='bbox 1141 1137 1248 1194; x_wconf 62' lang='lat' dir='ltr'><strong>nentur,</strong></span> <span class='ocrx_word' id='word_1_117' title='bbox 1257 1133 1296 1182; x_wconf 87' lang='lat' dir='ltr'><strong>iiia</strong></span> <span class='ocrx_word' id='word_1_118' title='bbox 1303 1134 1354 1196; x_wconf 87' lang='lat' dir='ltr'><strong>ipsu</strong></span> <span class='ocrx_word' id='word_1_119' title='bbox 1361 1135 1499 1198; x_wconf 84' lang='lat' dir='ltr'><strong>conspicere</strong></span> <span class='ocrx_word' id='word_1_120' title='bbox 1506 1136 1641 1196; x_wconf 84' lang='lat' dir='ltr'><strong>studentes,</strong></span> 
     </span>
     <span class='ocr_line' id='line_1_9' title="bbox 35 1211 1642 1291; baseline 0.001 -18"><span class='ocrx_word' id='word_1_121' title='bbox 35 1213 122 1282; x_wconf 72' lang='grc' dir='ltr'>σούετές</span> <span class='ocrx_word' id='word_1_122' title='bbox 135 1239 165 1274; x_wconf 88' lang='grc' dir='ltr'>τε</span> <span class='ocrx_word' id='word_1_123' title='bbox 177 1212 247 1273; x_wconf 60' lang='lat' dir='ltr'><strong>stet</strong></span> <span class='ocrx_word' id='word_1_124' title='bbox 265 1215 353 1274; x_wconf 84' lang='grc' dir='ltr'>έκεῖνα</span> <span class='ocrx_word' id='word_1_125' title='bbox 363 1211 475 1291; x_wconf 84' lang='grc' dir='ltr'>ίθεῑν,’θ</span> <span class='ocrx_word' id='word_1_126' title='bbox 489 1215 536 1272; x_wconf 80' lang='grc' dir='ltr'>σι’νκ</span> <span class='ocrx_word' id='word_1_127' title='bbox 548 1211 580 1272; x_wconf 75' lang='grc' dir='ltr'>ἂν</span> <span class='ocrx_word' id='word_1_128' title='bbox 596 1213 681 1279; x_wconf 85' lang='grc' dir='ltr'>σίλλοις</span> <span class='ocrx_word' id='word_1_129' title='bbox 694 1211 744 1271; x_wconf 88' lang='grc' dir='ltr'>ίδοι</span> <span class='ocrx_word' id='word_1_130' title='bbox 755 1236 810 1291; x_wconf 89' lang='grc' dir='ltr'>τις,</span> <span class='ocrx_word' id='word_1_131' title='bbox 856 1233 912 1284; x_wconf 74' lang='lat' dir='ltr'><strong>quse</strong></span> <span class='ocrx_word' id='word_1_132' title='bbox 924 1235 973 1270; x_wconf 91' lang='lat' dir='ltr'>non</span> <span class='ocrx_word' id='word_1_133' title='bbox 989 1221 1033 1270; x_wconf 88' lang='lat' dir='ltr'><strong>nisi</strong></span> <span class='ocrx_word' id='word_1_134' title='bbox 1043 1219 1186 1284; x_wconf 79' lang='lat' dir='ltr'><strong>cogitatione</strong></span> <span class='ocrx_word' id='word_1_135' title='bbox 1195 1221 1385 1285; x_wconf 87' lang='lat' dir='ltr'><strong>conspiciuntur.</strong></span> <span class='ocrx_word' id='word_1_136' title='bbox 1408 1221 1470 1288; x_wconf 80' lang='lat' dir='ltr'><strong>[cn]</strong></span> <span class='ocrx_word' id='word_1_137' title='bbox 1484 1227 1547 1274; x_wconf 84' lang='lat' dir='ltr'>vem</span> <span class='ocrx_word' id='word_1_138' title='bbox 1558 1223 1642 1286; x_wconf 86' lang='lat' dir='ltr'><strong>loque·</strong></span> 
     </span>
     <span class='ocr_line' id='line_1_10' title="bbox 16 1299 1644 1386; baseline 0.001 -23"><span class='ocrx_word' id='word_1_139' title='bbox 16 1299 208 1386; x_wconf 72' lang='grc' dir='ltr'>Ιιδτῇδιανοίιρ.</span> <span class='ocrx_word' id='word_1_140' title='bbox 252 1303 366 1384; x_wconf 77' lang='grc' dir='ltr'>Ἀληθῆ,</span> <span class='ocrx_word' id='word_1_141' title='bbox 389 1299 458 1386; x_wconf 81' lang='grc' dir='ltr'>ίρη,</span> <span class='ocrx_word' id='word_1_142' title='bbox 478 1300 572 1381; x_wconf 90' lang='grc' dir='ltr'>λέγεις.</span> <span class='ocrx_word' id='word_1_143' title='bbox 621 1304 705 1361; x_wconf 77' lang='grc' dir='ltr'>Τοῦτο</span> <span class='ocrx_word' id='word_1_144' title='bbox 725 1299 841 1359; x_wconf 61' lang='lat' dir='ltr'><strong>rotoma</strong></span> <span class='ocrx_word' id='word_1_145' title='bbox 857 1309 1001 1372; x_wconf 85' lang='lat' dir='ltr'><strong>ris,inquit.</strong></span> <span class='ocrx_word' id='word_1_146' title='bbox 1039 1308 1128 1375; x_wconf 75' lang='lat' dir='ltr'><strong>[soum]</strong></span> <span class='ocrx_word' id='word_1_147' title='bbox 1137 1311 1190 1360; x_wconf 85' lang='lat' dir='ltr'><strong>itoc</strong></span> <span class='ocrx_word' id='word_1_148' title='bbox 1198 1310 1270 1372; x_wconf 84' lang='lat' dir='ltr'><strong>igitur</strong></span> <span class='ocrx_word' id='word_1_149' title='bbox 1279 1323 1354 1374; x_wconf 84' lang='lat' dir='ltr'><strong>genos</strong></span> <span class='ocrx_word' id='word_1_150' title='bbox 1365 1310 1513 1373; x_wconf 83' lang='lat' dir='ltr'><strong>intelligibile</strong></span> <span class='ocrx_word' id='word_1_151' title='bbox 1521 1325 1573 1362; x_wconf 83' lang='lat' dir='ltr'><strong>esse</strong></span> <span class='ocrx_word' id='word_1_152' title='bbox 1582 1312 1644 1364; x_wconf 86' lang='lat' dir='ltr'><strong>dioe-</strong></span> 
     </span>
     <span class='ocr_line' id='line_1_11' title="bbox 16 1383 1642 1474; baseline -0.001 -21"><span class='ocrx_word' id='word_1_153' title='bbox 16 1393 110 1466; x_wconf 79' lang='grc' dir='ltr'>ινοητδν</span> <span class='ocrx_word' id='word_1_154' title='bbox 126 1391 214 1472; x_wconf 81' lang='grc' dir='ltr'>μέντδ</span> <span class='ocrx_word' id='word_1_155' title='bbox 224 1383 290 1461; x_wconf 75' lang='grc' dir='ltr'>εἶδος</span> <span class='ocrx_word' id='word_1_156' title='bbox 300 1392 400 1474; x_wconf 78' lang='grc' dir='ltr'>ἔλεγον,</span> <span class='ocrx_word' id='word_1_157' title='bbox 412 1391 548 1451; x_wconf 73' lang='grc' dir='ltr'>ὑποθέσεσι</span> <span class='ocrx_word' id='word_1_158' title='bbox 563 1391 586 1450; x_wconf 84' lang='grc' dir='ltr'>δ’</span> <span class='ocrx_word' id='word_1_159' title='bbox 597 1389 811 1470; x_wconf 80' lang='grc' dir='ltr'>ἀναγκαζομένην</span> <span class='ocrx_word' id='word_1_160' title='bbox 857 1397 975 1457; x_wconf 86' lang='lat' dir='ltr'><strong>bam‚sed</strong></span> <span class='ocrx_word' id='word_1_161' title='bbox 985 1397 1009 1446; x_wconf 90' lang='lat' dir='ltr'>in</span> <span class='ocrx_word' id='word_1_162' title='bbox 1018 1400 1071 1461; x_wconf 73' lang='lat' dir='ltr'><strong>etus</strong></span> <span class='ocrx_word' id='word_1_163' title='bbox 1082 1388 1265 1461; x_wconf 79' lang='lat' dir='ltr'><strong>investigatione</strong></span> <span class='ocrx_word' id='word_1_164' title='bbox 1279 1399 1330 1462; x_wconf 74' lang='lat' dir='ltr'><strong>uugi</strong></span> <span class='ocrx_word' id='word_1_165' title='bbox 1345 1399 1454 1448; x_wconf 90' lang='lat' dir='ltr'><strong>animum</strong></span> <span class='ocrx_word' id='word_1_166' title='bbox 1472 1401 1642 1464; x_wconf 81' lang='lat' dir='ltr'><strong>suppositioni·</strong></span> 
     </span>
     <span class='ocr_line' id='line_1_12' title="bbox 36 1478 1643 1566; baseline -0.002 -24"><span class='ocrx_word' id='word_1_167' title='bbox 36 1483 107 1563; x_wconf 68' lang='grc' dir='ltr'>δοχὴν</span> <span class='ocrx_word' id='word_1_168' title='bbox 118 1487 238 1566; x_wconf 78' lang='grc' dir='ltr'>χρῆσθαι</span> <span class='ocrx_word' id='word_1_169' title='bbox 246 1481 307 1564; x_wconf 77' lang='grc' dir='ltr'>περὶ</span> <span class='ocrx_word' id='word_1_170' title='bbox 318 1481 366 1553; x_wconf 71' lang='grc' dir='ltr'>τὴν</span> <span class='ocrx_word' id='word_1_171' title='bbox 381 1479 488 1554; x_wconf 78' lang='grc' dir='ltr'>ζήτησιν</span> <span class='ocrx_word' id='word_1_172' title='bbox 501 1481 597 1558; x_wconf 68' lang='lat' dir='ltr'><strong>circii,</strong></span> <span class='ocrx_word' id='word_1_173' title='bbox 610 1481 657 1538; x_wconf 78' lang='grc' dir='ltr'>οὐκ</span> <span class='ocrx_word' id='word_1_174' title='bbox 671 1483 713 1539; x_wconf 79' lang='grc' dir='ltr'>ἐπ’</span> <span class='ocrx_word' id='word_1_175' title='bbox 729 1478 813 1560; x_wconf 72' lang='grc' dir='ltr'>ἀρχὴν</span> <span class='ocrx_word' id='word_1_176' title='bbox 858 1485 903 1535; x_wconf 82' lang='lat' dir='ltr'><strong>itus</strong></span> <span class='ocrx_word' id='word_1_177' title='bbox 917 1484 965 1547; x_wconf 85' lang='lat' dir='ltr'><strong>uti,</strong></span> <span class='ocrx_word' id='word_1_178' title='bbox 977 1497 1025 1534; x_wconf 91' lang='lat' dir='ltr'>non</span> <span class='ocrx_word' id='word_1_179' title='bbox 1033 1485 1062 1535; x_wconf 92' lang='lat' dir='ltr'><strong>ad</strong></span> <span class='ocrx_word' id='word_1_180' title='bbox 1074 1485 1219 1550; x_wconf 89' lang='lat' dir='ltr'><strong>principium</strong></span> <span class='ocrx_word' id='word_1_181' title='bbox 1232 1491 1327 1536; x_wconf 91' lang='lat' dir='ltr'><strong>euntem</strong></span> <span class='ocrx_word' id='word_1_182' title='bbox 1338 1525 1345 1549; x_wconf 92' lang='lat'><strong><em>‚</em></strong></span> <span class='ocrx_word' id='word_1_183' title='bbox 1356 1491 1440 1551; x_wconf 88' lang='lat' dir='ltr'><strong>utpote</strong></span> <span class='ocrx_word' id='word_1_184' title='bbox 1448 1489 1490 1550; x_wconf 87' lang='lat' dir='ltr'>qni</span> <span class='ocrx_word' id='word_1_185' title='bbox 1501 1501 1574 1552; x_wconf 75' lang='lat' dir='ltr'><strong>supra</strong></span> <span class='ocrx_word' id='word_1_186' title='bbox 1583 1502 1643 1553; x_wconf 91' lang='lat' dir='ltr'><strong>sup·</strong></span> 
     </span>
     <span class='ocr_line' id='line_1_13' title="bbox 36 1567 1644 1650; baseline -0.001 -20"><span class='ocrx_word' id='word_1_187' title='bbox 36 1576 124 1650; x_wconf 80' lang='grc' dir='ltr'>ἰοῦσαν,</span> <span class='ocrx_word' id='word_1_188' title='bbox 150 1576 186 1639; x_wconf 82' lang='grc' dir='ltr'>ὡς</span> <span class='ocrx_word' id='word_1_189' title='bbox 208 1573 238 1631; x_wconf 87' lang='grc' dir='ltr'>ού</span> <span class='ocrx_word' id='word_1_190' title='bbox 264 1569 410 1648; x_wconf 78' lang='grc' dir='ltr'>δυναμένην</span> <span class='ocrx_word' id='word_1_191' title='bbox 435 1573 487 1628; x_wconf 80' lang='grc' dir='ltr'>τῶν</span> <span class='ocrx_word' id='word_1_192' title='bbox 510 1567 660 1628; x_wconf 72' lang='grc' dir='ltr'>ὑποθέσεων</span> <span class='ocrx_word' id='word_1_193' title='bbox 690 1567 812 1647; x_wconf 80' lang='grc' dir='ltr'>ἀνωτέρω</span> <span class='ocrx_word' id='word_1_194' title='bbox 858 1573 1257 1638; x_wconf 77' lang='grc' dir='ltr'>ροσίιίοοειίιοειιοειεοεηιιειι,</span> <span class='ocrx_word' id='word_1_195' title='bbox 1274 1579 1485 1640; x_wconf 85' lang='lat' dir='ltr'><strong>utentemqnepro</strong></span> <span class='ocrx_word' id='word_1_196' title='bbox 1500 1577 1644 1640; x_wconf 73' lang='lat' dir='ltr'><strong>imaginibus</strong></span> 
     </span>
     <span class='ocr_line' id='line_1_14' title="bbox 36 1655 1704 1741; baseline -0.002 -23"><span class='ocrx_word' id='word_1_197' title='bbox 36 1661 160 1740; x_wconf 82' lang='grc' dir='ltr'>ἐκδοίνειν,</span> <span class='ocrx_word' id='word_1_198' title='bbox 171 1659 255 1718; x_wconf 80' lang='grc' dir='ltr'>εἰκόσι</span> <span class='ocrx_word' id='word_1_199' title='bbox 268 1657 296 1718; x_wconf 80' lang='grc' dir='ltr'>δέ</span> <span class='ocrx_word' id='word_1_200' title='bbox 306 1655 447 1741; x_wconf 85' lang='grc' dir='ltr'>χρωμένην</span> <span class='ocrx_word' id='word_1_201' title='bbox 458 1659 545 1724; x_wconf 81' lang='grc' dir='ltr'>αὐτοῖς</span> <span class='ocrx_word' id='word_1_202' title='bbox 555 1665 608 1724; x_wconf 83' lang='grc' dir='ltr'>τοῖς</span> <span class='ocrx_word' id='word_1_203' title='bbox 617 1655 668 1714; x_wconf 75' lang='grc' dir='ltr'>ὑπὸ</span> <span class='ocrx_word' id='word_1_204' title='bbox 677 1659 728 1714; x_wconf 85' lang='grc' dir='ltr'>τῶν</span> <span class='ocrx_word' id='word_1_205' title='bbox 740 1657 813 1714; x_wconf 87' lang='grc' dir='ltr'>κσίτω</span> <span class='ocrx_word' id='word_1_206' title='bbox 857 1662 894 1712; x_wconf 85' lang='lat' dir='ltr'>his</span> <span class='ocrx_word' id='word_1_207' title='bbox 906 1662 977 1726; x_wconf 87' lang='lat' dir='ltr'><strong>ipsis,</strong></span> <span class='ocrx_word' id='word_1_208' title='bbox 987 1675 1089 1725; x_wconf 84' lang='lat' dir='ltr'><strong>quorum</strong></span> <span class='ocrx_word' id='word_1_209' title='bbox 1102 1662 1283 1713; x_wconf 83' lang='lat' dir='ltr'><strong>simititudinem</strong></span> <span class='ocrx_word' id='word_1_210' title='bbox 1291 1663 1404 1714; x_wconf 84' lang='lat' dir='ltr'><strong>interiora</strong></span> <span class='ocrx_word' id='word_1_211' title='bbox 1411 1664 1532 1727; x_wconf 75' lang='lat' dir='ltr'><strong>referunt,</strong></span> <span class='ocrx_word' id='word_1_212' title='bbox 1540 1677 1644 1729; x_wconf 79' lang='lat' dir='ltr'><strong>qumque</strong></span> <span class='ocrx_word' id='word_1_213' title='bbox 1701 1657 1704 1662; x_wconf 79' lang='grc'><strong>’</strong></span> 
     </span>
     <span class='ocr_line' id='line_1_15' title="bbox 36 1743 1643 1828; baseline 0.002 -25"><span class='ocrx_word' id='word_1_214' title='bbox 36 1751 205 1807; x_wconf 80' lang='grc' dir='ltr'>ίπεικασθεῑσι</span> <span class='ocrx_word' id='word_1_215' title='bbox 214 1747 262 1805; x_wconf 85' lang='grc' dir='ltr'>καλ</span> <span class='ocrx_word' id='word_1_216' title='bbox 273 1745 380 1814; x_wconf 83' lang='grc' dir='ltr'>ίκείνοις</span> <span class='ocrx_word' id='word_1_217' title='bbox 393 1745 551 1828; x_wconf 87' lang='grc' dir='ltr'>πρδςέκεῖνα</span> <span class='ocrx_word' id='word_1_218' title='bbox 561 1749 596 1812; x_wconf 82' lang='grc' dir='ltr'>ὡς</span> <span class='ocrx_word' id='word_1_219' title='bbox 610 1743 728 1825; x_wconf 78' lang='grc' dir='ltr'>ἐναργέσι</span> <span class='ocrx_word' id='word_1_220' title='bbox 741 1746 813 1803; x_wconf 88' lang='grc' dir='ltr'>δεδο-</span> <span class='ocrx_word' id='word_1_221' title='bbox 857 1755 993 1814; x_wconf 76' lang='lat' dir='ltr'><strong>comparata</strong></span> <span class='ocrx_word' id='word_1_222' title='bbox 1002 1765 1057 1800; x_wconf 87' lang='lat' dir='ltr'>cum</span> <span class='ocrx_word' id='word_1_223' title='bbox 1074 1751 1121 1802; x_wconf 85' lang='lat' dir='ltr'><strong>iilis</strong></span> <span class='ocrx_word' id='word_1_224' title='bbox 1134 1766 1177 1816; x_wconf 91' lang='lat' dir='ltr'>pro</span> <span class='ocrx_word' id='word_1_225' title='bbox 1188 1748 1386 1801; x_wconf 79' lang='lat' dir='ltr'><strong>veris&#39;trabentur</strong></span> <span class='ocrx_word' id='word_1_226' title='bbox 1396 1765 1502 1816; x_wconf 87' lang='lat' dir='ltr'><strong>eumque</strong></span> <span class='ocrx_word' id='word_1_227' title='bbox 1512 1754 1593 1804; x_wconf 89' lang='lat' dir='ltr'><strong>iocum</strong></span> <span class='ocrx_word' id='word_1_228' title='bbox 1609 1767 1643 1806; x_wconf 84' lang='lat' dir='ltr'>se·</span> 
     </span>
     <span class='ocr_line' id='line_1_16' title="bbox 16 1831 1644 1918; baseline -0.001 -24"><span class='ocrx_word' id='word_1_229' title='bbox 16 1835 196 1913; x_wconf 79' lang='grc' dir='ltr'>ιξιομένκςτε</span> <span class='ocrx_word' id='word_1_230' title='bbox 209 1835 256 1894; x_wconf 81' lang='grc' dir='ltr'>καί</span> <span class='ocrx_word' id='word_1_231' title='bbox 266 1833 447 1913; x_wconf 87' lang='grc' dir='ltr'>τετμημένοις.</span> <span class='ocrx_word' id='word_1_232' title='bbox 489 1834 641 1911; x_wconf 82' lang='grc' dir='ltr'>Μανθάνω,</span> <span class='ocrx_word' id='word_1_233' title='bbox 654 1831 718 1918; x_wconf 83' lang='grc' dir='ltr'>έρη,</span> <span class='ocrx_word' id='word_1_234' title='bbox 732 1831 812 1892; x_wconf 79' lang='grc' dir='ltr'>δτιτδ</span> <span class='ocrx_word' id='word_1_235' title='bbox 858 1841 936 1888; x_wconf 88' lang='lat' dir='ltr'><strong>ctione</strong></span> <span class='ocrx_word' id='word_1_236' title='bbox 944 1844 1094 1902; x_wconf 67' lang='lat' dir='ltr'><strong>aeceperunt.</strong></span> <span class='ocrx_word' id='word_1_237' title='bbox 1127 1839 1186 1905; x_wconf 74' lang='lat' dir='ltr'><strong>[cn]</strong></span> <span class='ocrx_word' id='word_1_238' title='bbox 1195 1840 1317 1903; x_wconf 71' lang='lat' dir='ltr'><strong>intelligo,</strong></span> <span class='ocrx_word' id='word_1_239' title='bbox 1330 1840 1416 1903; x_wconf 85' lang='lat' dir='ltr'><strong>inquit,</strong></span> <span class='ocrx_word' id='word_1_240' title='bbox 1426 1841 1475 1891; x_wconf 87' lang='lat' dir='ltr'><strong>dici</strong></span> <span class='ocrx_word' id='word_1_241' title='bbox 1489 1843 1609 1907; x_wconf 80' lang='lat' dir='ltr'><strong>ateqnod</strong></span> <span class='ocrx_word' id='word_1_242' title='bbox 1620 1845 1644 1892; x_wconf 94' lang='lat' dir='ltr'>in</span> 
     </span>
     <span class='ocr_line' id='line_1_17' title="bbox 35 1915 1644 2003; baseline -0.001 -21"><span class='ocrx_word' id='word_1_243' title='bbox 35 1924 74 1982; x_wconf 82' lang='grc' dir='ltr'>ύτδ</span> <span class='ocrx_word' id='word_1_244' title='bbox 97 1933 154 1991; x_wconf 89' lang='grc' dir='ltr'>ταῖς</span> <span class='ocrx_word' id='word_1_245' title='bbox 170 1921 344 2003; x_wconf 82' lang='grc' dir='ltr'>γεωμετρίαις</span> <span class='ocrx_word' id='word_1_246' title='bbox 366 1922 394 1981; x_wconf 76' lang='grc' dir='ltr'>’τε</span> <span class='ocrx_word' id='word_1_247' title='bbox 417 1921 463 1980; x_wconf 80' lang='grc' dir='ltr'>καλ</span> <span class='ocrx_word' id='word_1_248' title='bbox 489 1929 548 1990; x_wconf 87' lang='grc' dir='ltr'>ταῖς</span> <span class='ocrx_word' id='word_1_249' title='bbox 571 1921 668 1995; x_wconf 79' lang='grc' dir='ltr'>ταύτης</span> <span class='ocrx_word' id='word_1_250' title='bbox 690 1915 844 2002; x_wconf 77' lang='grc' dir='ltr'>σἰδελραῖςί)</span> <span class='ocrx_word' id='word_1_251' title='bbox 859 1929 988 1989; x_wconf 79' lang='lat' dir='ltr'><strong>geometria</strong></span> <span class='ocrx_word' id='word_1_252' title='bbox 999 1932 1023 1978; x_wconf 92' lang='lat' dir='ltr'>et</span> <span class='ocrx_word' id='word_1_253' title='bbox 1033 1928 1086 1978; x_wconf 88' lang='lat' dir='ltr'><strong>aliis</strong></span> <span class='ocrx_word' id='word_1_254' title='bbox 1098 1929 1205 1992; x_wconf 87' lang='lat' dir='ltr'><strong>ejusdem</strong></span> <span class='ocrx_word' id='word_1_255' title='bbox 1217 1929 1411 1992; x_wconf 83' lang='lat' dir='ltr'><strong>generisartihns</strong></span> <span class='ocrx_word' id='word_1_256' title='bbox 1420 1929 1470 1980; x_wconf 82' lang='lat' dir='ltr'><strong>tisri</strong></span> <span class='ocrx_word' id='word_1_257' title='bbox 1478 1931 1546 1982; x_wconf 87' lang='lat' dir='ltr'><strong>sciet</strong></span> <span class='ocrx_word' id='word_1_258' title='bbox 1555 1930 1644 1996; x_wconf 70' lang='lat' dir='ltr'><strong>[eccm]</strong></span> 
     </span>
     <span class='ocr_line' id='line_1_18' title="bbox 35 2000 1677 2092; baseline -0.001 -23"><span class='ocrx_word' id='word_1_259' title='bbox 35 2011 233 2091; x_wconf 70' lang='grc' dir='ltr'>τέρναιςλέγεις.</span> <span class='ocrx_word' id='word_1_260' title='bbox 275 2010 317 2072; x_wconf 87' lang='grc' dir='ltr'>Τθ</span> <span class='ocrx_word' id='word_1_261' title='bbox 331 2009 415 2069; x_wconf 90' lang='grc' dir='ltr'>τοίνυν</span> <span class='ocrx_word' id='word_1_262' title='bbox 433 2000 520 2092; x_wconf 81' lang='grc' dir='ltr'>ἕτερον</span> <span class='ocrx_word' id='word_1_263' title='bbox 534 2009 650 2090; x_wconf 82' lang='grc' dir='ltr'>μσίνθανε</span> <span class='ocrx_word' id='word_1_264' title='bbox 664 2014 758 2088; x_wconf 78' lang='grc' dir='ltr'>τμῆμα</span> <span class='ocrx_word' id='word_1_265' title='bbox 770 2013 814 2067; x_wconf 79' lang='grc' dir='ltr'>τοῦ</span> <span class='ocrx_word' id='word_1_266' title='bbox 860 2015 963 2067; x_wconf 79' lang='lat' dir='ltr'><strong>Alteram</strong></span> <span class='ocrx_word' id='word_1_267' title='bbox 974 2017 1046 2078; x_wconf 77' lang='lat' dir='ltr'><strong>igitur</strong></span> <span class='ocrx_word' id='word_1_268' title='bbox 1055 2017 1210 2080; x_wconf 78' lang='lat' dir='ltr'><strong>intelligibilis</strong></span> <span class='ocrx_word' id='word_1_269' title='bbox 1220 2019 1348 2082; x_wconf 83' lang='lat' dir='ltr'><strong>partemad</strong></span> <span class='ocrx_word' id='word_1_270' title='bbox 1357 2020 1419 2070; x_wconf 86' lang='lat' dir='ltr'><strong>iliud</strong></span> <span class='ocrx_word' id='word_1_271' title='bbox 1429 2021 1643 2081; x_wconf 79' lang='lat' dir='ltr'><strong>referremescito,</strong></span> <span class='ocrx_word' id='word_1_272' title='bbox 1673 2083 1677 2088; x_wconf 22' lang='grc' dir='ltr'><strong><em>Ι</em></strong></span> 
     </span>
     <span class='ocr_line' id='line_1_19' title="bbox 35 2090 1644 2184; baseline 0.001 -28"><span class='ocrx_word' id='word_1_273' title='bbox 35 2106 114 2172; x_wconf 78' lang='grc' dir='ltr'>νοητοῦ</span> <span class='ocrx_word' id='word_1_274' title='bbox 128 2099 240 2178; x_wconf 85' lang='grc' dir='ltr'>λέγονταί</span> <span class='ocrx_word' id='word_1_275' title='bbox 253 2122 286 2176; x_wconf 88' lang='grc' dir='ltr'>με</span> <span class='ocrx_word' id='word_1_276' title='bbox 298 2101 392 2174; x_wconf 77' lang='grc' dir='ltr'>τοῦτο,</span> <span class='ocrx_word' id='word_1_277' title='bbox 411 2090 441 2157; x_wconf 77' lang='lat' dir='ltr'>oi</span> <span class='ocrx_word' id='word_1_278' title='bbox 454 2096 529 2165; x_wconf 80' lang='grc' dir='ltr'>αὐτὸς</span> <span class='ocrx_word' id='word_1_279' title='bbox 542 2101 556 2156; x_wconf 85' lang='grc' dir='ltr'>δ</span> <span class='ocrx_word' id='word_1_280' title='bbox 568 2097 645 2176; x_wconf 91' lang='grc' dir='ltr'>λόγος</span> <span class='ocrx_word' id='word_1_281' title='bbox 659 2096 771 2156; x_wconf 75' lang='grc' dir='ltr'>ἅπτεται</span> <span class='ocrx_word' id='word_1_282' title='bbox 781 2095 816 2173; x_wconf 79' lang='grc' dir='ltr'>τῇ</span> <span class='ocrx_word' id='word_1_283' title='bbox 860 2104 923 2168; x_wconf 83' lang='lat' dir='ltr'><strong>quod</strong></span> <span class='ocrx_word' id='word_1_284' title='bbox 935 2105 986 2168; x_wconf 86' lang='lat' dir='ltr'><strong>ipsa</strong></span> <span class='ocrx_word' id='word_1_285' title='bbox 999 2105 1061 2154; x_wconf 86' lang='lat' dir='ltr'><strong>ratio</strong></span> <span class='ocrx_word' id='word_1_286' title='bbox 1076 2105 1208 2156; x_wconf 87' lang='lat' dir='ltr'><strong>disserendi</strong></span> <span class='ocrx_word' id='word_1_287' title='bbox 1219 2105 1331 2157; x_wconf 75' lang='lat' dir='ltr'><strong>facultate</strong></span> <span class='ocrx_word' id='word_1_288' title='bbox 1347 2108 1456 2171; x_wconf 83' lang='lat' dir='ltr'><strong>attingit,</strong></span> <span class='ocrx_word' id='word_1_289' title='bbox 1469 2107 1528 2158; x_wconf 90' lang='lat' dir='ltr'>dnm</span> <span class='ocrx_word' id='word_1_290' title='bbox 1537 2109 1644 2184; x_wconf 77' lang='lat' dir='ltr'><strong>supposi-</strong></span> 
     </span>
     <span class='ocr_line' id='line_1_20' title="bbox 33 2185 1642 2268; baseline 0.001 -16"><span class='ocrx_word' id='word_1_291' title='bbox 33 2195 70 2246; x_wconf 71' lang='grc' dir='ltr'><strong>τοῖ</strong></span> <span class='ocrx_word' id='word_1_292' title='bbox 84 2186 250 2265; x_wconf 72' lang='grc' dir='ltr'>διαλέγεσθαι</span> <span class='ocrx_word' id='word_1_293' title='bbox 265 2185 391 2265; x_wconf 70' lang='grc' dir='ltr'>δυνάμει,</span> <span class='ocrx_word' id='word_1_294' title='bbox 403 2185 449 2254; x_wconf 55' lang='lat' dir='ltr'>iffi&lt;</span> <span class='ocrx_word' id='word_1_295' title='bbox 461 2185 594 2254; x_wconf 74' lang='grc' dir='ltr'>θιιοθέοικ</span> <span class='ocrx_word' id='word_1_296' title='bbox 605 2185 758 2264; x_wconf 71' lang='grc' dir='ltr'>ποιούμενοι</span> <span class='ocrx_word' id='word_1_297' title='bbox 769 2187 816 2244; x_wconf 76' lang='grc' dir='ltr'>οὖν</span> <span class='ocrx_word' id='word_1_298' title='bbox 862 2201 938 2252; x_wconf 87' lang='lat' dir='ltr'><strong>tiones</strong></span> <span class='ocrx_word' id='word_1_299' title='bbox 954 2216 1001 2251; x_wconf 92' lang='lat' dir='ltr'>non</span> <span class='ocrx_word' id='word_1_300' title='bbox 1015 2217 1057 2267; x_wconf 84' lang='lat' dir='ltr'>pru</span> <span class='ocrx_word' id='word_1_301' title='bbox 1065 2203 1185 2267; x_wconf 81' lang='lat' dir='ltr'><strong>principiis</strong></span> <span class='ocrx_word' id='word_1_302' title='bbox 1193 2203 1282 2265; x_wconf 85' lang='lat' dir='ltr'><strong>habet,</strong></span> <span class='ocrx_word' id='word_1_303' title='bbox 1294 2205 1336 2254; x_wconf 86' lang='lat' dir='ltr'>ssd</span> <span class='ocrx_word' id='word_1_304' title='bbox 1349 2219 1374 2254; x_wconf 90' lang='lat' dir='ltr'>re</span> <span class='ocrx_word' id='word_1_305' title='bbox 1383 2219 1439 2256; x_wconf 84' lang='lat' dir='ltr'><strong>vera</strong></span> <span class='ocrx_word' id='word_1_306' title='bbox 1448 2217 1491 2268; x_wconf 89' lang='lat' dir='ltr'>pro</span> <span class='ocrx_word' id='word_1_307' title='bbox 1501 2203 1642 2268; x_wconf 85' lang='lat' dir='ltr'><strong>suppositio·</strong></span> 
     </span>
     <span class='ocr_line' id='line_1_21' title="bbox 16 2266 1643 2356; baseline 0.001 -16"><span class='ocrx_word' id='word_1_308' title='bbox 16 2277 125 2356; x_wconf 68' lang='grc' dir='ltr'>ιὶρχδς,</span> <span class='ocrx_word' id='word_1_309' title='bbox 138 2276 206 2335; x_wconf 63' lang='lat' dir='ltr'>dm</span> <span class='ocrx_word' id='word_1_310' title='bbox 219 2279 259 2356; x_wconf 72' lang='grc' dir='ltr'>τῷ</span> <span class='ocrx_word' id='word_1_311' title='bbox 271 2275 326 2334; x_wconf 76' lang='grc' dir='ltr'>ὄντι</span> <span class='ocrx_word' id='word_1_312' title='bbox 339 2273 486 2349; x_wconf 72' lang='grc' dir='ltr'>θιιοθὲοικ,</span> <span class='ocrx_word' id='word_1_313' title='bbox 504 2266 557 2336; x_wconf 68' lang='grc' dir='ltr'>οἷον</span> <span class='ocrx_word' id='word_1_314' title='bbox 572 2275 708 2343; x_wconf 75' lang='grc' dir='ltr'>έπιύιίσεις</span> <span class='ocrx_word' id='word_1_315' title='bbox 721 2299 750 2334; x_wconf 93' lang='grc' dir='ltr'>τε</span> <span class='ocrx_word' id='word_1_316' title='bbox 770 2275 817 2335; x_wconf 82' lang='grc' dir='ltr'>καὶ</span> <span class='ocrx_word' id='word_1_317' title='bbox 862 2289 947 2352; x_wconf 84' lang='lat' dir='ltr'><strong>nibus,</strong></span> <span class='ocrx_word' id='word_1_318' title='bbox 965 2295 1086 2354; x_wconf 69' lang='lat' dir='ltr'><strong>nmquam</strong></span> <span class='ocrx_word' id='word_1_319' title='bbox 1106 2292 1218 2354; x_wconf 81' lang='lat' dir='ltr'><strong>gradibus</strong></span> <span class='ocrx_word' id='word_1_320' title='bbox 1239 2292 1421 2355; x_wconf 83' lang='lat' dir='ltr'><strong>quibusdamet</strong></span> <span class='ocrx_word' id='word_1_321' title='bbox 1438 2292 1604 2356; x_wconf 87' lang='lat' dir='ltr'><strong>adminiculis,</strong></span> <span class='ocrx_word' id='word_1_322' title='bbox 1616 2297 1643 2342; x_wconf 92' lang='lat' dir='ltr'><strong>ut</strong></span> 
     </span>
     <span class='ocr_line' id='line_1_22' title="bbox 35 2360 1644 2446; baseline 0.004 -21"><span class='ocrx_word' id='word_1_323' title='bbox 35 2365 123 2444; x_wconf 74' lang='grc' dir='ltr'>δρμθς,</span> <span class='ocrx_word' id='word_1_324' title='bbox 138 2364 182 2423; x_wconf 69' lang='grc' dir='ltr'>ἵνα</span> <span class='ocrx_word' id='word_1_325' title='bbox 198 2366 279 2446; x_wconf 77' lang='grc' dir='ltr'>μέχρι</span> <span class='ocrx_word' id='word_1_326' title='bbox 300 2367 348 2422; x_wconf 64' lang='grc' dir='ltr'>τοῦ</span> <span class='ocrx_word' id='word_1_327' title='bbox 362 2363 521 2424; x_wconf 73' lang='grc' dir='ltr'>ἀνυποθέτου</span> <span class='ocrx_word' id='word_1_328' title='bbox 542 2364 584 2424; x_wconf 78' lang='grc' dir='ltr'>ἔπλ</span> <span class='ocrx_word' id='word_1_329' title='bbox 597 2364 647 2436; x_wconf 67' lang='grc' dir='ltr'>ολν</span> <span class='ocrx_word' id='word_1_330' title='bbox 660 2371 707 2424; x_wconf 75' lang='grc' dir='ltr'>τοῦ</span> <span class='ocrx_word' id='word_1_331' title='bbox 720 2360 818 2430; x_wconf 71' lang='grc' dir='ltr'>νιοινιθι</span> <span class='ocrx_word' id='word_1_332' title='bbox 862 2391 938 2441; x_wconf 81' lang='lat' dir='ltr'><strong>usque</strong></span> <span class='ocrx_word' id='word_1_333' title='bbox 950 2379 979 2428; x_wconf 88' lang='lat' dir='ltr'><strong>ad</strong></span> <span class='ocrx_word' id='word_1_334' title='bbox 990 2380 1058 2441; x_wconf 87' lang='lat' dir='ltr'><strong>iliud,</strong></span> <span class='ocrx_word' id='word_1_335' title='bbox 1068 2381 1132 2443; x_wconf 86' lang='lat' dir='ltr'><strong>qrrod</strong></span> <span class='ocrx_word' id='word_1_336' title='bbox 1140 2394 1186 2432; x_wconf 91' lang='lat' dir='ltr'>non</span> <span class='ocrx_word' id='word_1_337' title='bbox 1195 2381 1346 2446; x_wconf 85' lang='lat' dir='ltr'><strong>supponitur,</strong></span> <span class='ocrx_word' id='word_1_338' title='bbox 1353 2381 1383 2430; x_wconf 91' lang='lat' dir='ltr'><strong>ad</strong></span> <span class='ocrx_word' id='word_1_339' title='bbox 1393 2382 1537 2446; x_wconf 89' lang='lat' dir='ltr'><strong>principium</strong></span> <span class='ocrx_word' id='word_1_340' title='bbox 1545 2382 1644 2432; x_wconf 82' lang='lat' dir='ltr'><strong>veniens</strong></span> 
     </span>
     <span class='ocr_line' id='line_1_23' title="bbox 35 2445 1644 2535; baseline 0.006 -25"><span class='ocrx_word' id='word_1_341' title='bbox 35 2453 111 2534; x_wconf 65' lang='grc' dir='ltr'>ἀρχὴν</span> <span class='ocrx_word' id='word_1_342' title='bbox 133 2451 192 2533; x_wconf 78' lang='grc' dir='ltr'>ίδνν,</span> <span class='ocrx_word' id='word_1_343' title='bbox 214 2453 349 2534; x_wconf 74' lang='grc' dir='ltr'>ἁψόμενος</span> <span class='ocrx_word' id='word_1_344' title='bbox 362 2455 462 2530; x_wconf 76' lang='grc' dir='ltr'>αύτῆς,</span> <span class='ocrx_word' id='word_1_345' title='bbox 485 2452 564 2511; x_wconf 79' lang='grc' dir='ltr'>πόλιν</span> <span class='ocrx_word' id='word_1_346' title='bbox 579 2445 613 2512; x_wconf 74' lang='grc' dir='ltr'>αθ</span> <span class='ocrx_word' id='word_1_347' title='bbox 629 2453 751 2535; x_wconf 76' lang='grc' dir='ltr'>ἐχόμενος</span> <span class='ocrx_word' id='word_1_348' title='bbox 764 2459 816 2514; x_wconf 85' lang='grc' dir='ltr'>τῶν</span> <span class='ocrx_word' id='word_1_349' title='bbox 861 2467 981 2529; x_wconf 80' lang='lat' dir='ltr'><strong>universi,</strong></span> <span class='ocrx_word' id='word_1_350' title='bbox 998 2470 1076 2531; x_wconf 90' lang='lat' dir='ltr'><strong>ipsum</strong></span> <span class='ocrx_word' id='word_1_351' title='bbox 1097 2470 1211 2532; x_wconf 85' lang='lat' dir='ltr'><strong>attingat,</strong></span> <span class='ocrx_word' id='word_1_352' title='bbox 1229 2472 1253 2520; x_wconf 87' lang='lat' dir='ltr'>et</span> <span class='ocrx_word' id='word_1_353' title='bbox 1274 2463 1356 2520; x_wconf 80' lang='lat' dir='ltr'><strong>rursus</strong></span> <span class='ocrx_word' id='word_1_354' title='bbox 1372 2469 1497 2520; x_wconf 80' lang='lat' dir='ltr'><strong>adhaerens</strong></span> <span class='ocrx_word' id='word_1_355' title='bbox 1514 2469 1575 2531; x_wconf 83' lang='lat' dir='ltr'><strong>titis,</strong></span> <span class='ocrx_word' id='word_1_356' title='bbox 1589 2482 1644 2532; x_wconf 78' lang='lat' dir='ltr'>quae</span> 
     </span>
     <span class='ocr_line' id='line_1_24' title="bbox 33 2540 1646 2624; baseline 0.004 -25"><span class='ocrx_word' id='word_1_357' title='bbox 33 2543 124 2615; x_wconf 73' lang='grc' dir='ltr'>ἐκείνης</span> <span class='ocrx_word' id='word_1_358' title='bbox 142 2542 290 2622; x_wconf 64' lang='grc' dir='ltr'>ἐρομένου,</span> <span class='ocrx_word' id='word_1_359' title='bbox 305 2540 387 2608; x_wconf 79' lang='grc' dir='ltr'>οὕτως</span> <span class='ocrx_word' id='word_1_360' title='bbox 405 2541 449 2600; x_wconf 84' lang='grc' dir='ltr'>έπδ</span> <span class='ocrx_word' id='word_1_361' title='bbox 466 2541 589 2614; x_wconf 77' lang='grc' dir='ltr'>τελευτλν</span> <span class='ocrx_word' id='word_1_362' title='bbox 607 2542 755 2624; x_wconf 80' lang='grc' dir='ltr'>κοιταόαίνῃ</span> <span class='ocrx_word' id='word_1_363' title='bbox 773 2548 817 2604; x_wconf 78' lang='lat' dir='ltr'><strong>ai·</strong></span> <span class='ocrx_word' id='word_1_364' title='bbox 862 2556 978 2618; x_wconf 86' lang='lat' dir='ltr'><strong>principio</strong></span> <span class='ocrx_word' id='word_1_365' title='bbox 994 2556 1133 2619; x_wconf 77' lang='lat' dir='ltr'><strong>adiuuarent,</strong></span> <span class='ocrx_word' id='word_1_366' title='bbox 1145 2558 1178 2608; x_wconf 88' lang='lat' dir='ltr'>ita</span> <span class='ocrx_word' id='word_1_367' title='bbox 1191 2558 1300 2608; x_wconf 85' lang='lat' dir='ltr'><strong>adfinem</strong></span> <span class='ocrx_word' id='word_1_368' title='bbox 1312 2557 1458 2620; x_wconf 74' lang='lat' dir='ltr'><strong>descendat,</strong></span> <span class='ocrx_word' id='word_1_369' title='bbox 1469 2558 1537 2608; x_wconf 91' lang='lat' dir='ltr'><strong>nulio</strong></span> <span class='ocrx_word' id='word_1_370' title='bbox 1549 2571 1646 2622; x_wconf 86' lang='lat' dir='ltr'><strong>prorsus</strong></span> 
     </span>
     <span class='ocr_line' id='line_1_25' title="bbox 33 2627 1646 2712; baseline 0.004 -23"><span class='ocrx_word' id='word_1_371' title='bbox 33 2634 112 2712; x_wconf 76' lang='grc' dir='ltr'>οθητῷ</span> <span class='ocrx_word' id='word_1_372' title='bbox 130 2629 305 2689; x_wconf 82' lang='grc' dir='ltr'>παντάπασιν</span> <span class='ocrx_word' id='word_1_373' title='bbox 319 2631 403 2689; x_wconf 80' lang='grc' dir='ltr'>οὐδενὶ</span> <span class='ocrx_word' id='word_1_374' title='bbox 417 2627 638 2712; x_wconf 75' lang='grc' dir='ltr'>προσχρώμενοι,</span> <span class='ocrx_word' id='word_1_375' title='bbox 655 2633 713 2689; x_wconf 79' lang='grc' dir='ltr'>ἀλλ’</span> <span class='ocrx_word' id='word_1_376' title='bbox 724 2631 846 2697; x_wconf 82' lang='grc' dir='ltr'>εἴδεσινο</span> <span class='ocrx_word' id='word_1_377' title='bbox 862 2643 967 2693; x_wconf 77' lang='lat' dir='ltr'><strong>sensibili</strong></span> <span class='ocrx_word' id='word_1_378' title='bbox 980 2649 1063 2704; x_wconf 86' lang='lat' dir='ltr'><strong>utens,</strong></span> <span class='ocrx_word' id='word_1_379' title='bbox 1077 2647 1119 2695; x_wconf 88' lang='lat' dir='ltr'>sed</span> <span class='ocrx_word' id='word_1_380' title='bbox 1134 2647 1193 2710; x_wconf 90' lang='lat' dir='ltr'><strong>ipsis</strong></span> <span class='ocrx_word' id='word_1_381' title='bbox 1205 2647 1331 2710; x_wconf 76' lang='lat' dir='ltr'><strong>speciebus</strong></span> <span class='ocrx_word' id='word_1_382' title='bbox 1341 2684 1348 2708; x_wconf 88' lang='lat'>‚</span> <span class='ocrx_word' id='word_1_383' title='bbox 1358 2647 1475 2711; x_wconf 86' lang='lat' dir='ltr'><strong>peripsas</strong></span> <span class='ocrx_word' id='word_1_384' title='bbox 1486 2645 1517 2697; x_wconf 85' lang='lat' dir='ltr'><strong>ad</strong></span> <span class='ocrx_word' id='word_1_385' title='bbox 1529 2648 1609 2710; x_wconf 82' lang='lat' dir='ltr'><strong>ipsas,</strong></span> <span class='ocrx_word' id='word_1_386' title='bbox 1621 2647 1646 2696; x_wconf 89' lang='lat' dir='ltr'>in</span> 
     </span>
     <span class='ocr_line' id='line_1_26' title="bbox 16 2718 1648 2800; baseline 0.004 -22"><span class='ocrx_word' id='word_1_387' title='bbox 16 2733 23 2764; x_wconf 58' lang='grc' dir='ltr'>υ</span> <span class='ocrx_word' id='word_1_388' title='bbox 36 2721 114 2786; x_wconf 78' lang='grc' dir='ltr'>αὐτοῖς</span> <span class='ocrx_word' id='word_1_389' title='bbox 127 2720 161 2778; x_wconf 83' lang='grc' dir='ltr'>δι’</span> <span class='ocrx_word' id='word_1_390' title='bbox 178 2721 266 2777; x_wconf 80' lang='grc' dir='ltr'>αὐτῶν</span> <span class='ocrx_word' id='word_1_391' title='bbox 281 2720 318 2786; x_wconf 79' lang='grc' dir='ltr'>εἰς</span> <span class='ocrx_word' id='word_1_392' title='bbox 332 2718 400 2777; x_wconf 82' lang='grc' dir='ltr'>αύτδι</span> <span class='ocrx_word' id='word_1_393' title='bbox 409 2763 418 2796; x_wconf 95' lang='grc'>,</span> <span class='ocrx_word' id='word_1_394' title='bbox 428 2719 474 2780; x_wconf 85' lang='grc' dir='ltr'>καὶ</span> <span class='ocrx_word' id='word_1_395' title='bbox 487 2721 597 2798; x_wconf 75' lang='grc' dir='ltr'>τελευτᾷ</span> <span class='ocrx_word' id='word_1_396' title='bbox 609 2721 644 2786; x_wconf 84' lang='grc' dir='ltr'>εἷς</span> <span class='ocrx_word' id='word_1_397' title='bbox 656 2719 720 2790; x_wconf 84' lang='grc' dir='ltr'>είδη.</span> <span class='ocrx_word' id='word_1_398' title='bbox 734 2722 816 2780; x_wconf 90' lang='grc' dir='ltr'>Μαν-</span> <span class='ocrx_word' id='word_1_399' title='bbox 860 2733 943 2795; x_wconf 83' lang='lat' dir='ltr'><strong>eisque</strong></span> <span class='ocrx_word' id='word_1_400' title='bbox 952 2733 1054 2782; x_wconf 86' lang='lat' dir='ltr'><strong>desinat.</strong></span> <span class='ocrx_word' id='word_1_401' title='bbox 1089 2733 1148 2798; x_wconf 74' lang='lat' dir='ltr'><strong>[cn]</strong></span> <span class='ocrx_word' id='word_1_402' title='bbox 1161 2735 1383 2800; x_wconf 79' lang='lat' dir='ltr'><strong>intelligo‚inqnit‚</strong></span> <span class='ocrx_word' id='word_1_403' title='bbox 1396 2745 1543 2798; x_wconf 83' lang='lat' dir='ltr'><strong>quamquam</strong></span> <span class='ocrx_word' id='word_1_404' title='bbox 1552 2748 1600 2785; x_wconf 91' lang='lat' dir='ltr'>non</span> <span class='ocrx_word' id='word_1_405' title='bbox 1612 2749 1648 2785; x_wconf 84' lang='lat' dir='ltr'>sa·</span> 
     </span>
     <span class='ocr_line' id='line_1_27' title="bbox 35 2803 1647 2888; baseline 0.004 -18"><span class='ocrx_word' id='word_1_406' title='bbox 35 2807 108 2881; x_wconf 66' lang='grc' dir='ltr'>θάνοι,</span> <span class='ocrx_word' id='word_1_407' title='bbox 122 2805 297 2888; x_wconf 56' lang='lat' dir='ltr'><strong>domitat&amp;</strong></span> <span class='ocrx_word' id='word_1_408' title='bbox 310 2804 358 2884; x_wconf 69' lang='grc' dir='ltr'>μέν</span> <span class='ocrx_word' id='word_1_409' title='bbox 369 2803 408 2864; x_wconf 78' lang='grc' dir='ltr'>οὗ·</span> <span class='ocrx_word' id='word_1_410' title='bbox 425 2806 507 2873; x_wconf 74' lang='grc' dir='ltr'>δοκεῖς</span> <span class='ocrx_word' id='word_1_411' title='bbox 519 2804 570 2886; x_wconf 81' lang='grc' dir='ltr'>γοίρ</span> <span class='ocrx_word' id='word_1_412' title='bbox 583 2829 627 2883; x_wconf 89' lang='grc' dir='ltr'>μοι</span> <span class='ocrx_word' id='word_1_413' title='bbox 636 2804 729 2886; x_wconf 79' lang='grc' dir='ltr'>συχνδν</span> <span class='ocrx_word' id='word_1_414' title='bbox 742 2805 815 2888; x_wconf 85' lang='grc' dir='ltr'>ἔργον</span> <span class='ocrx_word' id='word_1_415' title='bbox 860 2822 908 2883; x_wconf 86' lang='lat' dir='ltr'><strong>tis;</strong></span> <span class='ocrx_word' id='word_1_416' title='bbox 920 2821 1080 2872; x_wconf 86' lang='lat' dir='ltr'><strong>viderisenim</strong></span> <span class='ocrx_word' id='word_1_417' title='bbox 1095 2823 1154 2874; x_wconf 82' lang='lat' dir='ltr'><strong>mitri</strong></span> <span class='ocrx_word' id='word_1_418' title='bbox 1174 2837 1225 2874; x_wconf 90' lang='lat' dir='ltr'>rem</span> <span class='ocrx_word' id='word_1_419' title='bbox 1238 2823 1337 2874; x_wconf 85' lang='lat' dir='ltr'><strong>arduum</strong></span> <span class='ocrx_word' id='word_1_420' title='bbox 1357 2823 1450 2885; x_wconf 84' lang='lat' dir='ltr'><strong>dicere;</strong></span> <span class='ocrx_word' id='word_1_421' title='bbox 1468 2823 1510 2874; x_wconf 90' lang='lat' dir='ltr'>sed</span> <span class='ocrx_word' id='word_1_422' title='bbox 1520 2828 1600 2876; x_wconf 63' lang='lat' dir='ltr'><strong>nmen</strong></span> <span class='ocrx_word' id='word_1_423' title='bbox 1610 2825 1647 2876; x_wconf 78' lang='lat' dir='ltr'>ris</span> 
     </span>
     <span class='ocr_line' id='line_1_28' title="bbox 35 2885 1647 2976; baseline 0.006 -23"><span class='ocrx_word' id='word_1_424' title='bbox 35 2893 120 2974; x_wconf 78' lang='grc' dir='ltr'>λέγειν·</span> <span class='ocrx_word' id='word_1_425' title='bbox 131 2893 173 2954; x_wconf 83' lang='grc' dir='ltr'>ότι</span> <span class='ocrx_word' id='word_1_426' title='bbox 188 2895 280 2973; x_wconf 84' lang='grc' dir='ltr'>μέντοι</span> <span class='ocrx_word' id='word_1_427' title='bbox 296 2894 385 2974; x_wconf 87' lang='grc' dir='ltr'>βούλει</span> <span class='ocrx_word' id='word_1_428' title='bbox 398 2894 516 2975; x_wconf 82' lang='grc' dir='ltr'>διορίζειν</span> <span class='ocrx_word' id='word_1_429' title='bbox 533 2893 691 2976; x_wconf 88' lang='grc' dir='ltr'>σαρέστερον</span> <span class='ocrx_word' id='word_1_430' title='bbox 706 2885 816 2955; x_wconf 76' lang='grc' dir='ltr'>εἶναιτὸ</span> <span class='ocrx_word' id='word_1_431' title='bbox 861 2910 946 2960; x_wconf 86' lang='lat' dir='ltr'><strong>docere</strong></span> <span class='ocrx_word' id='word_1_432' title='bbox 965 2913 1057 2973; x_wconf 86' lang='lat' dir='ltr'><strong>partem</strong></span> <span class='ocrx_word' id='word_1_433' title='bbox 1077 2911 1142 2962; x_wconf 85' lang='lat' dir='ltr'><strong>iilam</strong></span> <span class='ocrx_word' id='word_1_434' title='bbox 1159 2912 1226 2974; x_wconf 77' lang='lat' dir='ltr'><strong>eius,</strong></span> <span class='ocrx_word' id='word_1_435' title='bbox 1239 2911 1304 2975; x_wconf 89' lang='lat' dir='ltr'><strong>quod</strong></span> <span class='ocrx_word' id='word_1_436' title='bbox 1316 2913 1389 2962; x_wconf 86' lang='lat' dir='ltr'><strong>estet</strong></span> <span class='ocrx_word' id='word_1_437' title='bbox 1404 2905 1553 2976; x_wconf 79' lang='lat' dir='ltr'><strong>intelligitur,</strong></span> <span class='ocrx_word' id='word_1_438' title='bbox 1573 2923 1647 2976; x_wconf 81' lang='lat' dir='ltr'><strong>quum</strong></span> 
     </span>
     <span class='ocr_line' id='line_1_29' title="bbox 33 2981 1645 3065; baseline 0.006 -23"><span class='ocrx_word' id='word_1_439' title='bbox 33 2983 78 3042; x_wconf 82' lang='grc' dir='ltr'>ύτιδ</span> <span class='ocrx_word' id='word_1_440' title='bbox 89 2989 133 3055; x_wconf 79' lang='grc' dir='ltr'>τῆς</span> <span class='ocrx_word' id='word_1_441' title='bbox 147 2989 195 3042; x_wconf 73' lang='grc' dir='ltr'>τοῦ</span> <span class='ocrx_word' id='word_1_442' title='bbox 220 2983 387 3062; x_wconf 83' lang='grc' dir='ltr'>διαλέγεσθαι</span> <span class='ocrx_word' id='word_1_443' title='bbox 406 2981 553 3061; x_wconf 70' lang='grc' dir='ltr'>ἐπιστήμης</span> <span class='ocrx_word' id='word_1_444' title='bbox 573 2987 618 3042; x_wconf 81' lang='grc' dir='ltr'>τοῦ</span> <span class='ocrx_word' id='word_1_445' title='bbox 633 2982 704 3053; x_wconf 83' lang='grc' dir='ltr'>ὄντος</span> <span class='ocrx_word' id='word_1_446' title='bbox 721 3009 749 3044; x_wconf 89' lang='grc' dir='ltr'>τε</span> <span class='ocrx_word' id='word_1_447' title='bbox 771 2985 817 3044; x_wconf 87' lang='grc' dir='ltr'>καδ</span> <span class='ocrx_word' id='word_1_448' title='bbox 861 2998 992 3049; x_wconf 86' lang='lat' dir='ltr'><strong>disserendi</strong></span> <span class='ocrx_word' id='word_1_449' title='bbox 1000 2999 1306 3063; x_wconf 86' lang='lat' dir='ltr'><strong>scientiaeontemplemur‚</strong></span> <span class='ocrx_word' id='word_1_450' title='bbox 1315 3001 1355 3050; x_wconf 86' lang='lat' dir='ltr'><strong>itta</strong></span> <span class='ocrx_word' id='word_1_451' title='bbox 1362 3013 1416 3051; x_wconf 88' lang='lat' dir='ltr'><strong>esse</strong></span> <span class='ocrx_word' id='word_1_452' title='bbox 1423 3001 1645 3065; x_wconf 85' lang='lat' dir='ltr'><strong>clariorem,quam</strong></span> 
     </span>
     <span class='ocr_line' id='line_1_30' title="bbox 35 3070 1648 3153; baseline 0.006 -23"><span class='ocrx_word' id='word_1_453' title='bbox 35 3079 116 3144; x_wconf 75' lang='grc' dir='ltr'>νοητοῦ</span> <span class='ocrx_word' id='word_1_454' title='bbox 130 3070 348 3150; x_wconf 76' lang='grc' dir='ltr'>θεωρούμενον,ἢ</span> <span class='ocrx_word' id='word_1_455' title='bbox 359 3071 390 3131; x_wconf 84' lang='grc' dir='ltr'>τθ</span> <span class='ocrx_word' id='word_1_456' title='bbox 400 3072 450 3132; x_wconf 73' lang='lat' dir='ltr'><strong>tri</strong></span> <span class='ocrx_word' id='word_1_457' title='bbox 461 3075 512 3130; x_wconf 86' lang='grc' dir='ltr'>τῶν</span> <span class='ocrx_word' id='word_1_458' title='bbox 526 3075 625 3152; x_wconf 85' lang='grc' dir='ltr'>τεχνῶν</span> <span class='ocrx_word' id='word_1_459' title='bbox 636 3073 815 3151; x_wconf 85' lang='grc' dir='ltr'>καλουμένων,</span> <span class='ocrx_word' id='word_1_460' title='bbox 861 3085 953 3136; x_wconf 90' lang='lat' dir='ltr'><strong>artibus</strong></span> <span class='ocrx_word' id='word_1_461' title='bbox 962 3101 1017 3150; x_wconf 71' lang='lat' dir='ltr'><strong>quiae</strong></span> <span class='ocrx_word' id='word_1_462' title='bbox 1026 3087 1185 3150; x_wconf 80' lang='lat' dir='ltr'><strong>appellantur,</strong></span> <span class='ocrx_word' id='word_1_463' title='bbox 1197 3087 1384 3150; x_wconf 76' lang='lat' dir='ltr'><strong>investigemus,</strong></span> <span class='ocrx_word' id='word_1_464' title='bbox 1397 3087 1520 3150; x_wconf 84' lang='lat' dir='ltr'><strong>inquibus</strong></span> <span class='ocrx_word' id='word_1_465' title='bbox 1529 3101 1573 3153; x_wconf 90' lang='lat' dir='ltr'>pro</span> <span class='ocrx_word' id='word_1_466' title='bbox 1582 3089 1648 3152; x_wconf 87' lang='lat' dir='ltr'><strong>pria·</strong></span> 
     </span>
     <span class='ocr_line' id='line_1_31' title="bbox 16 3152 1648 3241; baseline 0.007 -25"><span class='ocrx_word' id='word_1_467' title='bbox 16 3152 72 3226; x_wconf 80' lang='grc' dir='ltr'>ιιῖς</span> <span class='ocrx_word' id='word_1_468' title='bbox 84 3164 109 3219; x_wconf 84' lang='grc' dir='ltr'>τί</span> <span class='ocrx_word' id='word_1_469' title='bbox 122 3159 260 3226; x_wconf 73' lang='grc' dir='ltr'>ὑποθέσεις</span> <span class='ocrx_word' id='word_1_470' title='bbox 275 3158 357 3241; x_wconf 79' lang='grc' dir='ltr'>ἆρχαλ</span> <span class='ocrx_word' id='word_1_471' title='bbox 371 3158 417 3218; x_wconf 85' lang='grc' dir='ltr'>καλ</span> <span class='ocrx_word' id='word_1_472' title='bbox 430 3157 531 3240; x_wconf 71' lang='grc' dir='ltr'>διανοίᾳ</span> <span class='ocrx_word' id='word_1_473' title='bbox 546 3157 594 3236; x_wconf 80' lang='grc' dir='ltr'>μέν</span> <span class='ocrx_word' id='word_1_474' title='bbox 609 3160 815 3238; x_wconf 81' lang='grc' dir='ltr'>ἀναγκάζονται,</span> <span class='ocrx_word' id='word_1_475' title='bbox 838 3205 841 3212; x_wconf 67' lang='grc'><em>.</em></span> <span class='ocrx_word' id='word_1_476' title='bbox 861 3175 930 3238; x_wconf 86' lang='lat' dir='ltr'><strong>cipiis</strong></span> <span class='ocrx_word' id='word_1_477' title='bbox 939 3175 1118 3238; x_wconf 85' lang='lat' dir='ltr'><strong>suppositiones</strong></span> <span class='ocrx_word' id='word_1_478' title='bbox 1130 3174 1260 3237; x_wconf 85' lang='lat' dir='ltr'><strong>trahentur,</strong></span> <span class='ocrx_word' id='word_1_479' title='bbox 1270 3181 1294 3226; x_wconf 88' lang='lat' dir='ltr'>et</span> <span class='ocrx_word' id='word_1_480' title='bbox 1304 3175 1400 3240; x_wconf 81' lang='lat' dir='ltr'><strong>qrriista</strong></span> <span class='ocrx_word' id='word_1_481' title='bbox 1409 3175 1574 3238; x_wconf 73' lang='lat' dir='ltr'><strong>considerant,</strong></span> <span class='ocrx_word' id='word_1_482' title='bbox 1587 3176 1648 3240; x_wconf 79' lang='lat' dir='ltr'><strong>cogi·</strong></span> 
     </span>
     <span class='ocr_line' id='line_1_32' title="bbox 35 3246 1648 3327; baseline 0.004 -20"><span class='ocrx_word' id='word_1_483' title='bbox 35 3248 95 3308; x_wconf 71' lang='lat' dir='ltr'>snt</span> <span class='ocrx_word' id='word_1_484' title='bbox 106 3248 143 3322; x_wconf 70' lang='grc' dir='ltr'>μη</span> <span class='ocrx_word' id='word_1_485' title='bbox 161 3246 328 3325; x_wconf 71' lang='grc' dir='ltr'>αἰσθήσεσιν,</span> <span class='ocrx_word' id='word_1_486' title='bbox 345 3247 414 3307; x_wconf 77' lang='grc' dir='ltr'>αὐτὰ</span> <span class='ocrx_word' id='word_1_487' title='bbox 428 3252 536 3307; x_wconf 77' lang='grc' dir='ltr'>θεᾶσθαι</span> <span class='ocrx_word' id='word_1_488' title='bbox 546 3251 570 3307; x_wconf 82' lang='grc' dir='ltr'>οἱ</span> <span class='ocrx_word' id='word_1_489' title='bbox 581 3247 723 3326; x_wconf 88' lang='grc' dir='ltr'>θεώμενοι,</span> <span class='ocrx_word' id='word_1_490' title='bbox 737 3247 817 3308; x_wconf 79' lang='grc' dir='ltr'>διὰδὲ</span> <span class='ocrx_word' id='word_1_491' title='bbox 862 3263 952 3312; x_wconf 82' lang='lat' dir='ltr'><strong>tatione</strong></span> <span class='ocrx_word' id='word_1_492' title='bbox 965 3254 1062 3324; x_wconf 85' lang='lat' dir='ltr'><strong>quidem</strong></span> <span class='ocrx_word' id='word_1_493' title='bbox 1080 3264 1207 3326; x_wconf 80' lang='lat' dir='ltr'><strong>eoguntur,</strong></span> <span class='ocrx_word' id='word_1_494' title='bbox 1226 3276 1275 3313; x_wconf 93' lang='lat' dir='ltr'>non</span> <span class='ocrx_word' id='word_1_495' title='bbox 1290 3263 1402 3314; x_wconf 81' lang='lat' dir='ltr'><strong>sensibus</strong></span> <span class='ocrx_word' id='word_1_496' title='bbox 1415 3264 1519 3327; x_wconf 86' lang='lat' dir='ltr'><strong>intueri,</strong></span> <span class='ocrx_word' id='word_1_497' title='bbox 1533 3265 1648 3327; x_wconf 86' lang='lat' dir='ltr'><strong>quoniam</strong></span> 
     </span>
     <span class='ocr_line' id='line_1_33' title="bbox 35 3334 1645 3418; baseline 0.005 -22"><span class='ocrx_word' id='word_1_498' title='bbox 35 3338 101 3416; x_wconf 79' lang='grc' dir='ltr'>τδμὴ</span> <span class='ocrx_word' id='word_1_499' title='bbox 111 3340 152 3396; x_wconf 82' lang='grc' dir='ltr'>ἐπ’</span> <span class='ocrx_word' id='word_1_500' title='bbox 166 3334 253 3418; x_wconf 79' lang='grc' dir='ltr'>ἀρχὴν</span> <span class='ocrx_word' id='word_1_501' title='bbox 268 3335 417 3402; x_wconf 79' lang='grc' dir='ltr'>ἀνελθόντες</span> <span class='ocrx_word' id='word_1_502' title='bbox 429 3337 546 3414; x_wconf 82' lang='grc' dir='ltr'>σκοπεῖν,</span> <span class='ocrx_word' id='word_1_503' title='bbox 559 3335 650 3406; x_wconf 77' lang='grc' dir='ltr'>ἀλλ’έξ</span> <span class='ocrx_word' id='word_1_504' title='bbox 663 3336 819 3415; x_wconf 78' lang='grc' dir='ltr'>ὑποθέσεσιν,</span> <span class='ocrx_word' id='word_1_505' title='bbox 831 3340 849 3404; x_wconf 87' lang='lat' dir='ltr'><strong>d</strong></span> <span class='ocrx_word' id='word_1_506' title='bbox 864 3364 920 3401; x_wconf 88' lang='lat' dir='ltr'><strong>vero</strong></span> <span class='ocrx_word' id='word_1_507' title='bbox 930 3363 977 3400; x_wconf 93' lang='lat' dir='ltr'>non</span> <span class='ocrx_word' id='word_1_508' title='bbox 991 3351 1020 3399; x_wconf 84' lang='lat' dir='ltr'><strong>ad</strong></span> <span class='ocrx_word' id='word_1_509' title='bbox 1033 3351 1178 3416; x_wconf 85' lang='lat' dir='ltr'><strong>principium</strong></span> <span class='ocrx_word' id='word_1_510' title='bbox 1189 3351 1361 3415; x_wconf 78' lang='lat' dir='ltr'><strong>ascendentes,</strong></span> <span class='ocrx_word' id='word_1_511' title='bbox 1377 3351 1419 3402; x_wconf 85' lang='lat' dir='ltr'>sed</span> <span class='ocrx_word' id='word_1_512' title='bbox 1431 3367 1462 3402; x_wconf 85' lang='lat' dir='ltr'>ea</span> <span class='ocrx_word' id='word_1_513' title='bbox 1474 3353 1645 3416; x_wconf 86' lang='lat' dir='ltr'><strong>suppositioni·</strong></span> 
     </span>
     <span class='ocr_line' id='line_1_34' title="bbox 34 3423 1647 3505; baseline 0.004 -24"><span class='ocrx_word' id='word_1_514' title='bbox 34 3433 88 3485; x_wconf 73' lang='grc' dir='ltr'>νοῦν</span> <span class='ocrx_word' id='word_1_515' title='bbox 100 3430 146 3486; x_wconf 66' lang='grc' dir='ltr'>αλιι</span> <span class='ocrx_word' id='word_1_516' title='bbox 159 3423 246 3505; x_wconf 76' lang='grc' dir='ltr'>ἴσχειν</span> <span class='ocrx_word' id='word_1_517' title='bbox 263 3423 325 3504; x_wconf 77' lang='grc' dir='ltr'>περὶ</span> <span class='ocrx_word' id='word_1_518' title='bbox 339 3423 407 3483; x_wconf 68' lang='lat' dir='ltr'><strong>atri</strong></span> <span class='ocrx_word' id='word_1_519' title='bbox 426 3423 532 3484; x_wconf 77' lang='grc' dir='ltr'>δοκοῦσί</span> <span class='ocrx_word' id='word_1_520' title='bbox 547 3448 603 3499; x_wconf 86' lang='grc' dir='ltr'>σοι,</span> <span class='ocrx_word' id='word_1_521' title='bbox 620 3423 705 3486; x_wconf 87' lang='grc' dir='ltr'>καίτοι</span> <span class='ocrx_word' id='word_1_522' title='bbox 718 3431 816 3499; x_wconf 83' lang='grc' dir='ltr'>νοητῶν</span> <span class='ocrx_word' id='word_1_523' title='bbox 862 3435 909 3486; x_wconf 85' lang='lat' dir='ltr'>hus</span> <span class='ocrx_word' id='word_1_524' title='bbox 918 3435 1039 3499; x_wconf 83' lang='lat' dir='ltr'><strong>indagant,</strong></span> <span class='ocrx_word' id='word_1_525' title='bbox 1047 3436 1194 3488; x_wconf 83' lang='lat' dir='ltr'><strong>intellectum</strong></span> <span class='ocrx_word' id='word_1_526' title='bbox 1208 3438 1272 3487; x_wconf 88' lang='lat' dir='ltr'><strong>cirea</strong></span> <span class='ocrx_word' id='word_1_527' title='bbox 1284 3439 1335 3488; x_wconf 83' lang='lat' dir='ltr'><strong>irase</strong></span> <span class='ocrx_word' id='word_1_528' title='bbox 1345 3439 1431 3488; x_wconf 81' lang='lat' dir='ltr'><strong>trabere</strong></span> <span class='ocrx_word' id='word_1_529' title='bbox 1440 3439 1484 3488; x_wconf 86' lang='lat' dir='ltr'><strong>tibi</strong></span> <span class='ocrx_word' id='word_1_530' title='bbox 1493 3451 1647 3503; x_wconf 82' lang='lat' dir='ltr'><strong>nequaqnam</strong></span> 
     </span>
     <span class='ocr_line' id='line_1_35' title="bbox 33 3509 1647 3594; baseline 0.001 -20"><span class='ocrx_word' id='word_1_531' title='bbox 33 3515 110 3574; x_wconf 71' lang='grc' dir='ltr'>ὄντων</span> <span class='ocrx_word' id='word_1_532' title='bbox 122 3513 191 3592; x_wconf 88' lang='grc' dir='ltr'>μετδι</span> <span class='ocrx_word' id='word_1_533' title='bbox 206 3517 299 3594; x_wconf 77' lang='grc' dir='ltr'>ἀρχῆς.</span> <span class='ocrx_word' id='word_1_534' title='bbox 341 3509 457 3572; x_wconf 85' lang='grc' dir='ltr'>διοίνοιαν</span> <span class='ocrx_word' id='word_1_535' title='bbox 472 3511 498 3573; x_wconf 80' lang='grc' dir='ltr'>δὲ</span> <span class='ocrx_word' id='word_1_536' title='bbox 513 3517 602 3573; x_wconf 88' lang='grc' dir='ltr'>καλεῖν</span> <span class='ocrx_word' id='word_1_537' title='bbox 616 3539 660 3594; x_wconf 90' lang='grc' dir='ltr'>μοι</span> <span class='ocrx_word' id='word_1_538' title='bbox 675 3517 758 3584; x_wconf 84' lang='grc' dir='ltr'>δοκεῖς</span> <span class='ocrx_word' id='word_1_539' title='bbox 771 3514 818 3588; x_wconf 76' lang='grc' dir='ltr'>τὴν</span> <span class='ocrx_word' id='word_1_540' title='bbox 863 3524 984 3586; x_wconf 81' lang='lat' dir='ltr'><strong>uidentur,</strong></span> <span class='ocrx_word' id='word_1_541' title='bbox 994 3524 1050 3574; x_wconf 88' lang='lat' dir='ltr'><strong>licet</strong></span> <span class='ocrx_word' id='word_1_542' title='bbox 1056 3539 1111 3575; x_wconf 88' lang='lat' dir='ltr'>oum</span> <span class='ocrx_word' id='word_1_543' title='bbox 1122 3525 1239 3589; x_wconf 89' lang='lat' dir='ltr'><strong>principio</strong></span> <span class='ocrx_word' id='word_1_544' title='bbox 1247 3525 1403 3588; x_wconf 79' lang='lat' dir='ltr'><strong>intelligibilia</strong></span> <span class='ocrx_word' id='word_1_545' title='bbox 1413 3525 1469 3575; x_wconf 87' lang='lat' dir='ltr'><strong>sint.</strong></span> <span class='ocrx_word' id='word_1_546' title='bbox 1478 3525 1647 3587; x_wconf 81' lang='lat' dir='ltr'><strong>cogitationem</strong></span> 
     </span>
     <span class='ocr_line' id='line_1_36' title="bbox 16 3601 1648 3684; baseline 0.003 -27"><span class='ocrx_word' id='word_1_547' title='bbox 16 3610 84 3663; x_wconf 74' lang='lat' dir='ltr'><strong>sadra</strong></span> <span class='ocrx_word' id='word_1_548' title='bbox 96 3607 280 3684; x_wconf 77' lang='grc' dir='ltr'>γεωμετρικῶν</span> <span class='ocrx_word' id='word_1_549' title='bbox 298 3625 326 3660; x_wconf 88' lang='grc' dir='ltr'>τε</span> <span class='ocrx_word' id='word_1_550' title='bbox 340 3601 385 3661; x_wconf 81' lang='grc' dir='ltr'>καλ</span> <span class='ocrx_word' id='word_1_551' title='bbox 403 3601 450 3674; x_wconf 74' lang='grc' dir='ltr'>τὴν</span> <span class='ocrx_word' id='word_1_552' title='bbox 465 3605 517 3662; x_wconf 82' lang='grc' dir='ltr'>τῶν</span> <span class='ocrx_word' id='word_1_553' title='bbox 536 3605 660 3664; x_wconf 88' lang='grc' dir='ltr'>τοιούτων</span> <span class='ocrx_word' id='word_1_554' title='bbox 679 3604 742 3681; x_wconf 79' lang='grc' dir='ltr'>έξιν,</span> <span class='ocrx_word' id='word_1_555' title='bbox 759 3605 818 3662; x_wconf 85' lang='grc' dir='ltr'>ἀλλ’</span> <span class='ocrx_word' id='word_1_556' title='bbox 864 3615 946 3662; x_wconf 88' lang='lat' dir='ltr'><strong>autem</strong></span> <span class='ocrx_word' id='word_1_557' title='bbox 964 3613 1024 3662; x_wconf 87' lang='lat' dir='ltr'><strong>mitri</strong></span> <span class='ocrx_word' id='word_1_558' title='bbox 1035 3614 1171 3676; x_wconf 77' lang='lat' dir='ltr'><strong>geometriae</strong></span> <span class='ocrx_word' id='word_1_559' title='bbox 1180 3615 1312 3677; x_wconf 86' lang='lat' dir='ltr'><strong>peritorum</strong></span> <span class='ocrx_word' id='word_1_560' title='bbox 1324 3618 1349 3662; x_wconf 92' lang='lat' dir='ltr'>et</span> <span class='ocrx_word' id='word_1_561' title='bbox 1361 3611 1474 3663; x_wconf 87' lang='lat' dir='ltr'><strong>similium</strong></span> <span class='ocrx_word' id='word_1_562' title='bbox 1486 3611 1594 3663; x_wconf 84' lang='lat' dir='ltr'><strong>habitum</strong></span> <span class='ocrx_word' id='word_1_563' title='bbox 1604 3627 1648 3677; x_wconf 91' lang='lat' dir='ltr'><strong>ap·</strong></span> 
     </span>
     <span class='ocr_line' id='line_1_37' title="bbox 36 3689 1648 3770; baseline -0.001 -19"><span class='ocrx_word' id='word_1_564' title='bbox 36 3695 65 3751; x_wconf 82' lang='grc' dir='ltr'>οὐ</span> <span class='ocrx_word' id='word_1_565' title='bbox 75 3700 143 3770; x_wconf 70' lang='grc' dir='ltr'>νῶν,</span> <span class='ocrx_word' id='word_1_566' title='bbox 163 3696 199 3760; x_wconf 78' lang='grc' dir='ltr'>ὡς</span> <span class='ocrx_word' id='word_1_567' title='bbox 215 3689 314 3769; x_wconf 80' lang='grc' dir='ltr'>μεταξύ</span> <span class='ocrx_word' id='word_1_568' title='bbox 330 3715 356 3749; x_wconf 91' lang='grc' dir='ltr'>τι</span> <span class='ocrx_word' id='word_1_569' title='bbox 374 3689 449 3764; x_wconf 80' lang='grc' dir='ltr'>δόξης</span> <span class='ocrx_word' id='word_1_570' title='bbox 464 3715 492 3750; x_wconf 91' lang='grc' dir='ltr'>τε</span> <span class='ocrx_word' id='word_1_571' title='bbox 511 3691 557 3752; x_wconf 78' lang='grc' dir='ltr'>καί</span> <span class='ocrx_word' id='word_1_572' title='bbox 574 3698 617 3751; x_wconf 77' lang='grc' dir='ltr'>νοῦ</span> <span class='ocrx_word' id='word_1_573' title='bbox 637 3691 685 3766; x_wconf 75' lang='grc' dir='ltr'>τὴν</span> <span class='ocrx_word' id='word_1_574' title='bbox 704 3692 819 3751; x_wconf 86' lang='grc' dir='ltr'>διοίνοιαν</span> <span class='ocrx_word' id='word_1_575' title='bbox 865 3701 952 3765; x_wconf 90' lang='lat' dir='ltr'><strong>peiiare</strong></span> <span class='ocrx_word' id='word_1_576' title='bbox 963 3701 1065 3763; x_wconf 88' lang='lat' dir='ltr'><strong>videris,</strong></span> <span class='ocrx_word' id='word_1_577' title='bbox 1080 3716 1128 3752; x_wconf 91' lang='lat' dir='ltr'>non</span> <span class='ocrx_word' id='word_1_578' title='bbox 1140 3702 1304 3765; x_wconf 83' lang='lat' dir='ltr'><strong>intellectum,</strong></span> <span class='ocrx_word' id='word_1_579' title='bbox 1316 3701 1381 3764; x_wconf 84' lang='lat' dir='ltr'><strong>quod</strong></span> <span class='ocrx_word' id='word_1_580' title='bbox 1400 3701 1513 3763; x_wconf 77' lang='lat' dir='ltr'><strong>cogitatio</strong></span> <span class='ocrx_word' id='word_1_581' title='bbox 1524 3701 1587 3753; x_wconf 81' lang='lat' dir='ltr'><strong>inter</strong></span> <span class='ocrx_word' id='word_1_582' title='bbox 1598 3701 1648 3764; x_wconf 91' lang='lat' dir='ltr'><strong>cpi·</strong></span> 
     </span>
     <span class='ocr_line' id='line_1_38' title="bbox 36 3770 1649 3860; baseline 0 -20"><span class='ocrx_word' id='word_1_583' title='bbox 36 3773 120 3840; x_wconf 64' lang='grc' dir='ltr'>οὖσαν.</span> <span class='ocrx_word' id='word_1_584' title='bbox 161 3779 343 3852; x_wconf 82' lang='grc' dir='ltr'>Ἱκανοέτατα,</span> <span class='ocrx_word' id='word_1_585' title='bbox 365 3770 396 3852; x_wconf 72' lang='grc' dir='ltr'>ἦν</span> <span class='ocrx_word' id='word_1_586' title='bbox 414 3781 436 3837; x_wconf 79' lang='grc' dir='ltr'>δ’</span> <span class='ocrx_word' id='word_1_587' title='bbox 455 3779 520 3858; x_wconf 82' lang='grc' dir='ltr'>έγδι,</span> <span class='ocrx_word' id='word_1_588' title='bbox 542 3779 669 3850; x_wconf 79' lang='grc' dir='ltr'>ἀπεδέξω.</span> <span class='ocrx_word' id='word_1_589' title='bbox 712 3780 757 3841; x_wconf 86' lang='grc' dir='ltr'>καί</span> <span class='ocrx_word' id='word_1_590' title='bbox 776 3806 820 3860; x_wconf 90' lang='grc' dir='ltr'>μοι</span> <span class='ocrx_word' id='word_1_591' title='bbox 865 3788 961 3840; x_wconf 91' lang='lat' dir='ltr'><strong>niouem</strong></span> <span class='ocrx_word' id='word_1_592' title='bbox 976 3795 1000 3840; x_wconf 90' lang='lat' dir='ltr'>et</span> <span class='ocrx_word' id='word_1_593' title='bbox 1011 3791 1159 3840; x_wconf 83' lang='lat' dir='ltr'><strong>intellectum</strong></span> <span class='ocrx_word' id='word_1_594' title='bbox 1175 3790 1282 3840; x_wconf 85' lang='lat' dir='ltr'><strong>medium</strong></span> <span class='ocrx_word' id='word_1_595' title='bbox 1299 3791 1389 3841; x_wconf 83' lang='lat' dir='ltr'><strong>teneat.</strong></span> <span class='ocrx_word' id='word_1_596' title='bbox 1426 3788 1519 3854; x_wconf 79' lang='lat' dir='ltr'><strong>[soca-J</strong></span> <span class='ocrx_word' id='word_1_597' title='bbox 1538 3791 1649 3840; x_wconf 81' lang='lat' dir='ltr'><strong>commo·</strong></span> 
     </span>
     <span class='ocr_line' id='line_1_39' title="bbox 36 3866 1650 3950; baseline 0.001 -24"><span class='ocrx_word' id='word_1_598' title='bbox 36 3870 76 3928; x_wconf 78' lang='grc' dir='ltr'>ἐπὶ</span> <span class='ocrx_word' id='word_1_599' title='bbox 85 3873 136 3936; x_wconf 82' lang='grc' dir='ltr'>τοῖς</span> <span class='ocrx_word' id='word_1_600' title='bbox 144 3869 269 3949; x_wconf 86' lang='grc' dir='ltr'>τέτταρσι</span> <span class='ocrx_word' id='word_1_601' title='bbox 280 3867 404 3948; x_wconf 79' lang='grc' dir='ltr'>τμήμασι</span> <span class='ocrx_word' id='word_1_602' title='bbox 415 3866 528 3950; x_wconf 87' lang='grc' dir='ltr'>τέτταρα</span> <span class='ocrx_word' id='word_1_603' title='bbox 539 3875 624 3927; x_wconf 75' lang='grc' dir='ltr'>ταῦτα</span> <span class='ocrx_word' id='word_1_604' title='bbox 637 3869 783 3947; x_wconf 73' lang='grc' dir='ltr'>παθήματα</span> <span class='ocrx_word' id='word_1_605' title='bbox 793 3872 820 3929; x_wconf 81' lang='grc' dir='ltr'>ἐν</span> <span class='ocrx_word' id='word_1_606' title='bbox 865 3878 976 3939; x_wconf 89' lang='lat' dir='ltr'><strong>dissime,</strong></span> <span class='ocrx_word' id='word_1_607' title='bbox 992 3878 1101 3942; x_wconf 86' lang='lat' dir='ltr'><strong>inquam,</strong></span> <span class='ocrx_word' id='word_1_608' title='bbox 1112 3877 1231 3941; x_wconf 78' lang='lat' dir='ltr'><strong>accepisti.</strong></span> <span class='ocrx_word' id='word_1_609' title='bbox 1244 3879 1316 3941; x_wconf 81' lang='lat' dir='ltr'><strong>atque</strong></span> <span class='ocrx_word' id='word_1_610' title='bbox 1332 3877 1363 3927; x_wconf 87' lang='lat' dir='ltr'><strong>ad</strong></span> <span class='ocrx_word' id='word_1_611' title='bbox 1382 3878 1434 3927; x_wconf 85' lang='lat' dir='ltr'><strong>ilias</strong></span> <span class='ocrx_word' id='word_1_612' title='bbox 1442 3879 1557 3939; x_wconf 86' lang='lat' dir='ltr'><strong>quattuor</strong></span> <span class='ocrx_word' id='word_1_613' title='bbox 1569 3879 1650 3940; x_wconf 83' lang='lat' dir='ltr'><strong>partes</strong></span> 
     </span>
     <span class='ocr_line' id='line_1_40' title="bbox 37 3954 1649 4038; baseline 0.001 -24"><span class='ocrx_word' id='word_1_614' title='bbox 37 3961 148 4038; x_wconf 67' lang='grc' dir='ltr'>τῇιξηιχῇ</span> <span class='ocrx_word' id='word_1_615' title='bbox 164 3957 306 4036; x_wconf 85' lang='grc' dir='ltr'>γιγνόμενα</span> <span class='ocrx_word' id='word_1_616' title='bbox 326 3955 409 4033; x_wconf 84' lang='grc' dir='ltr'>λαόέ,</span> <span class='ocrx_word' id='word_1_617' title='bbox 422 3955 512 4028; x_wconf 85' lang='grc' dir='ltr'>νόησιν</span> <span class='ocrx_word' id='word_1_618' title='bbox 534 3954 581 4033; x_wconf 84' lang='grc' dir='ltr'>μέν</span> <span class='ocrx_word' id='word_1_619' title='bbox 600 3955 644 4014; x_wconf 70' lang='lat' dir='ltr'>tsi</span> <span class='ocrx_word' id='word_1_620' title='bbox 659 3961 696 4038; x_wconf 85' lang='grc' dir='ltr'>τῷ</span> <span class='ocrx_word' id='word_1_621' title='bbox 716 3958 820 4016; x_wconf 85' lang='grc' dir='ltr'>ἀνωτσί-</span> <span class='ocrx_word' id='word_1_622' title='bbox 865 3969 979 4030; x_wconf 86' lang='lat' dir='ltr'><strong>quattuor</strong></span> <span class='ocrx_word' id='word_1_623' title='bbox 987 3966 1030 4016; x_wconf 87' lang='lat' dir='ltr'><strong>tras</strong></span> <span class='ocrx_word' id='word_1_624' title='bbox 1038 3966 1097 4015; x_wconf 87' lang='lat' dir='ltr'><strong>mitri</strong></span> <span class='ocrx_word' id='word_1_625' title='bbox 1109 3966 1182 4015; x_wconf 87' lang='lat' dir='ltr'><strong>animi</strong></span> <span class='ocrx_word' id='word_1_626' title='bbox 1196 3965 1335 4016; x_wconf 87' lang='lat' dir='ltr'><strong>aiieetiones</strong></span> <span class='ocrx_word' id='word_1_627' title='bbox 1349 3965 1649 4031; x_wconf 73' lang='lat' dir='ltr'><strong>appuim‚tntcitineutiam</strong></span> 
     </span>
     <span class='ocr_line' id='line_1_41' title="bbox 16 4043 1650 4127; baseline -0.001 -23"><span class='ocrx_word' id='word_1_628' title='bbox 16 4053 87 4120; x_wconf 81' lang='grc' dir='ltr'>Ιτω,</span> <span class='ocrx_word' id='word_1_629' title='bbox 102 4046 216 4105; x_wconf 79' lang='grc' dir='ltr'>διάνοιαν</span> <span class='ocrx_word' id='word_1_630' title='bbox 233 4043 262 4104; x_wconf 76' lang='grc' dir='ltr'>δέ</span> <span class='ocrx_word' id='word_1_631' title='bbox 278 4043 322 4103; x_wconf 69' lang='lat' dir='ltr'>tet</span> <span class='ocrx_word' id='word_1_632' title='bbox 337 4047 376 4126; x_wconf 80' lang='grc' dir='ltr'>τῷ</span> <span class='ocrx_word' id='word_1_633' title='bbox 390 4044 519 4127; x_wconf 84' lang='grc' dir='ltr'>δευτέρῳ,</span> <span class='ocrx_word' id='word_1_634' title='bbox 541 4048 579 4125; x_wconf 81' lang='grc' dir='ltr'>τῷ</span> <span class='ocrx_word' id='word_1_635' title='bbox 594 4043 675 4127; x_wconf 85' lang='grc' dir='ltr'>τρίτῳ</span> <span class='ocrx_word' id='word_1_636' title='bbox 693 4045 719 4104; x_wconf 78' lang='grc' dir='ltr'>δέ</span> <span class='ocrx_word' id='word_1_637' title='bbox 733 4045 849 4104; x_wconf 70' lang='lat' dir='ltr'><strong>stertire</strong></span> <span class='ocrx_word' id='word_1_638' title='bbox 866 4054 895 4104; x_wconf 84' lang='lat' dir='ltr'><strong>ad</strong></span> <span class='ocrx_word' id='word_1_639' title='bbox 908 4067 1062 4117; x_wconf 88' lang='lat' dir='ltr'><strong>supremam,</strong></span> <span class='ocrx_word' id='word_1_640' title='bbox 1073 4054 1104 4102; x_wconf 88' lang='lat' dir='ltr'><strong>ad</strong></span> <span class='ocrx_word' id='word_1_641' title='bbox 1122 4053 1251 4104; x_wconf 88' lang='lat' dir='ltr'><strong>secundam</strong></span> <span class='ocrx_word' id='word_1_642' title='bbox 1264 4054 1446 4116; x_wconf 72' lang='lat' dir='ltr'><strong>cogitationem,</strong></span> <span class='ocrx_word' id='word_1_643' title='bbox 1459 4055 1537 4105; x_wconf 81' lang='lat' dir='ltr'><strong>tertiae</strong></span> <span class='ocrx_word' id='word_1_644' title='bbox 1547 4067 1606 4105; x_wconf 81' lang='lat' dir='ltr'><strong>uero</strong></span> <span class='ocrx_word' id='word_1_645' title='bbox 1624 4054 1650 4103; x_wconf 86' lang='lat' dir='ltr'>fl·</span> 
     </span>
     <span class='ocr_line' id='line_1_42' title="bbox 39 4131 1651 4215; baseline -0.001 -24"><span class='ocrx_word' id='word_1_646' title='bbox 39 4135 126 4202; x_wconf 71' lang='grc' dir='ltr'>ἐπίδος</span> <span class='ocrx_word' id='word_1_647' title='bbox 138 4134 235 4215; x_wconf 79' lang='grc' dir='ltr'>καὶτῷ</span> <span class='ocrx_word' id='word_1_648' title='bbox 249 4131 392 4215; x_wconf 76' lang='grc' dir='ltr'>τελευταίῳ</span> <span class='ocrx_word' id='word_1_649' title='bbox 404 4133 535 4209; x_wconf 69' lang='grc' dir='ltr'>εἰκασίαν,</span> <span class='ocrx_word' id='word_1_650' title='bbox 549 4134 593 4191; x_wconf 82' lang='grc' dir='ltr'>καί</span> <span class='ocrx_word' id='word_1_651' title='bbox 607 4131 759 4202; x_wconf 81' lang='grc' dir='ltr'>τάξοναύτδ</span> <span class='ocrx_word' id='word_1_652' title='bbox 771 4135 821 4193; x_wconf 80' lang='grc' dir='ltr'>ἀνὰ</span> <span class='ocrx_word' id='word_1_653' title='bbox 866 4141 1037 4203; x_wconf 78' lang='lat' dir='ltr'><strong>dem,uttimae</strong></span> <span class='ocrx_word' id='word_1_654' title='bbox 1055 4141 1214 4203; x_wconf 77' lang='lat' dir='ltr'><strong>conjecturam</strong></span> <span class='ocrx_word' id='word_1_655' title='bbox 1226 4141 1317 4204; x_wconf 86' lang='lat' dir='ltr'><strong>tribue,</strong></span> <span class='ocrx_word' id='word_1_656' title='bbox 1336 4155 1413 4207; x_wconf 85' lang='lat' dir='ltr'><strong>eaque</strong></span> <span class='ocrx_word' id='word_1_657' title='bbox 1424 4143 1495 4192; x_wconf 86' lang='lat' dir='ltr'><strong>simiti</strong></span> <span class='ocrx_word' id='word_1_658' title='bbox 1507 4141 1600 4192; x_wconf 79' lang='lat' dir='ltr'><strong>radone</strong></span> <span class='ocrx_word' id='word_1_659' title='bbox 1613 4155 1651 4190; x_wconf 90' lang='lat' dir='ltr'>or·</span> 
     </span>
     <span class='ocr_line' id='line_1_43' title="bbox 40 4211 1641 4304; baseline -0.001 -24"><span class='ocrx_word' id='word_1_660' title='bbox 40 4222 119 4300; x_wconf 76' lang='grc' dir='ltr'>λόγον,</span> <span class='ocrx_word' id='word_1_661' title='bbox 136 4221 227 4303; x_wconf 80' lang='grc' dir='ltr'>ὥσπερ</span> <span class='ocrx_word' id='word_1_662' title='bbox 248 4223 289 4304; x_wconf 81' lang='grc' dir='ltr'>ἐρ’</span> <span class='ocrx_word' id='word_1_663' title='bbox 312 4211 349 4286; x_wconf 77' lang='grc' dir='ltr'>οἷς</span> <span class='ocrx_word' id='word_1_664' title='bbox 368 4221 436 4280; x_wconf 82' lang='grc' dir='ltr'>ἐστὶν</span> <span class='ocrx_word' id='word_1_665' title='bbox 459 4219 582 4294; x_wconf 78' lang='grc' dir='ltr'>ἀληθείας</span> <span class='ocrx_word' id='word_1_666' title='bbox 603 4222 731 4302; x_wconf 84' lang='grc' dir='ltr'>μετέχειν,</span> <span class='ocrx_word' id='word_1_667' title='bbox 752 4221 821 4280; x_wconf 81' lang='grc' dir='ltr'>οὕτω</span> <span class='ocrx_word' id='word_1_668' title='bbox 865 4228 936 4292; x_wconf 89' lang='lat' dir='ltr'><strong>dina,</strong></span> <span class='ocrx_word' id='word_1_669' title='bbox 948 4231 975 4279; x_wconf 90' lang='lat' dir='ltr'><strong>ut</strong></span> <span class='ocrx_word' id='word_1_670' title='bbox 987 4234 1105 4293; x_wconf 70' lang='lat' dir='ltr'><strong>uenantum</strong></span> <span class='ocrx_word' id='word_1_671' title='bbox 1116 4229 1223 4279; x_wconf 84' lang='lat' dir='ltr'><strong>veritatis</strong></span> <span class='ocrx_word' id='word_1_672' title='bbox 1234 4229 1260 4279; x_wconf 89' lang='lat' dir='ltr'>in</span> <span class='ocrx_word' id='word_1_673' title='bbox 1271 4242 1297 4280; x_wconf 88' lang='lat' dir='ltr'>se</span> <span class='ocrx_word' id='word_1_674' title='bbox 1310 4228 1498 4289; x_wconf 83' lang='lat' dir='ltr'><strong>trabeantea‚ad</strong></span> <span class='ocrx_word' id='word_1_675' title='bbox 1510 4242 1567 4293; x_wconf 68' lang='lat' dir='ltr'>qno</span> <span class='ocrx_word' id='word_1_676' title='bbox 1577 4227 1641 4292; x_wconf 84' lang='lat' dir='ltr'><strong>perti</strong></span> 
     </span>
     <span class='ocr_line' id='line_1_44' title="bbox 41 4311 1639 4393; baseline -0.001 -24"><span class='ocrx_word' id='word_1_677' title='bbox 41 4319 116 4371; x_wconf 65' lang='lat' dir='ltr'><strong>caiisa</strong></span> <span class='ocrx_word' id='word_1_678' title='bbox 135 4311 281 4393; x_wconf 85' lang='grc' dir='ltr'>σαρηνείας</span> <span class='ocrx_word' id='word_1_679' title='bbox 299 4312 466 4391; x_wconf 74' lang='grc' dir='ltr'>ἡγησάμενος</span> <span class='ocrx_word' id='word_1_680' title='bbox 489 4311 619 4392; x_wconf 74' lang='grc' dir='ltr'>μετέχειν.</span> <span class='ocrx_word' id='word_1_681' title='bbox 671 4313 820 4392; x_wconf 87' lang='grc' dir='ltr'>Μανθσίνω,</span> <span class='ocrx_word' id='word_1_682' title='bbox 867 4324 937 4381; x_wconf 83' lang='lat' dir='ltr'><strong>nent,</strong></span> <span class='ocrx_word' id='word_1_683' title='bbox 954 4321 1046 4368; x_wconf 90' lang='lat' dir='ltr'><strong>tantum</strong></span> <span class='ocrx_word' id='word_1_684' title='bbox 1064 4317 1113 4382; x_wconf 87' lang='lat' dir='ltr'><strong>ipsa</strong></span> <span class='ocrx_word' id='word_1_685' title='bbox 1130 4319 1153 4367; x_wconf 91' lang='lat' dir='ltr'>in</span> <span class='ocrx_word' id='word_1_686' title='bbox 1172 4331 1198 4368; x_wconf 85' lang='lat' dir='ltr'>se</span> <span class='ocrx_word' id='word_1_687' title='bbox 1216 4317 1330 4368; x_wconf 85' lang='lat' dir='ltr'><strong>etaritatis</strong></span> <span class='ocrx_word' id='word_1_688' title='bbox 1346 4317 1435 4368; x_wconf 85' lang='lat' dir='ltr'><strong>habere</strong></span> <span class='ocrx_word' id='word_1_689' title='bbox 1454 4319 1556 4369; x_wconf 83' lang='lat' dir='ltr'><strong>statuas.</strong></span> <span class='ocrx_word' id='word_1_690' title='bbox 1589 4317 1639 4382; x_wconf 85' lang='grc' dir='ltr'>[οι.</span> 
     </span>
     <span class='ocr_line' id='line_1_45' title="bbox 43 4396 1495 4483; baseline -0.003 -22"><span class='ocrx_word' id='word_1_691' title='bbox 43 4399 102 4480; x_wconf 55' lang='lat' dir='ltr'><strong>ipa,</strong></span> <span class='ocrx_word' id='word_1_692' title='bbox 115 4402 159 4461; x_wconf 85' lang='grc' dir='ltr'>καὶ</span> <span class='ocrx_word' id='word_1_693' title='bbox 174 4401 304 4483; x_wconf 59' lang='grc' dir='ltr'>ξυγγωρῶ</span> <span class='ocrx_word' id='word_1_694' title='bbox 316 4401 361 4460; x_wconf 82' lang='grc' dir='ltr'>καὶ</span> <span class='ocrx_word' id='word_1_695' title='bbox 373 4401 460 4460; x_wconf 83' lang='grc' dir='ltr'>τύπω</span> <span class='ocrx_word' id='word_1_696' title='bbox 474 4405 509 4469; x_wconf 83' lang='grc' dir='ltr'>δις</span> <span class='ocrx_word' id='word_1_697' title='bbox 520 4400 612 4480; x_wconf 91' lang='grc' dir='ltr'>λέγεις.</span> <span class='ocrx_word' id='word_1_698' title='bbox 867 4396 988 4467; x_wconf 75' lang='grc' dir='ltr'>ΙιιιεΙλίςο,</span> <span class='ocrx_word' id='word_1_699' title='bbox 1000 4407 1091 4469; x_wconf 89' lang='lat' dir='ltr'><strong>inquit,</strong></span> <span class='ocrx_word' id='word_1_700' title='bbox 1100 4407 1123 4455; x_wconf 86' lang='lat' dir='ltr'>et</span> <span class='ocrx_word' id='word_1_701' title='bbox 1135 4404 1241 4455; x_wconf 80' lang='lat' dir='ltr'><strong>macedo</strong></span> <span class='ocrx_word' id='word_1_702' title='bbox 1249 4408 1275 4454; x_wconf 91' lang='lat' dir='ltr'>et</span> <span class='ocrx_word' id='word_1_703' title='bbox 1283 4405 1368 4455; x_wconf 91' lang='lat' dir='ltr'><strong>ordino</strong></span> <span class='ocrx_word' id='word_1_704' title='bbox 1379 4404 1495 4469; x_wconf 72' lang='lat' dir='ltr'><strong>utiubcs</strong></span> 
     </span>
    </p>
   </div>
   <div class='ocr_carea' id='block_1_3' title="bbox 349 4587 1336 4614">
    <p class='ocr_par' dir='ltr' id='par_1_3' title="bbox 349 4587 1336 4614">
     <span class='ocr_line' id='line_1_46' title="bbox 349 4587 1336 4614; baseline 0.002 -5"><span class='ocrx_word' id='word_1_705' title='bbox 349 4587 511 4612; x_wconf 59' lang='lat'>—000—</span> <span class='ocrx_word' id='word_1_706' title='bbox 1176 4587 1336 4614; x_wconf 63' lang='lat'>-00-1</span> 
     </span>
    </p>
   </div>
   <div class='ocr_carea' id='block_1_4' title="bbox 16 4685 1502 4794">
    <p class='ocr_par' dir='ltr' id='par_1_4' title="bbox 16 4685 1502 4794">
     <span class='ocr_line' id='line_1_47' title="bbox 16 4685 1502 4794; baseline 0.007 -18"><span class='ocrx_word' id='word_1_707' title='bbox 16 4737 39 4776; x_wconf 77' lang='grc' dir='ltr'>ι</span> <span class='ocrx_word' id='word_1_708' title='bbox 257 4717 385 4779; x_wconf 77' lang='lat' dir='ltr'><strong>aoros</strong></span> <span class='ocrx_word' id='word_1_709' title='bbox 406 4717 597 4778; x_wconf 78' lang='lat' dir='ltr'><strong>ssaouoa.</strong></span> <span class='ocrx_word' id='word_1_710' title='bbox 786 4789 788 4794; x_wconf 65' lang='lat'>,</span> <span class='ocrx_word' id='word_1_711' title='bbox 1085 4728 1202 4788; x_wconf 82' lang='lat' dir='ltr'><strong>nassa</strong></span> <span class='ocrx_word' id='word_1_712' title='bbox 1224 4725 1425 4788; x_wconf 81' lang='lat' dir='ltr'><strong>snerruns</strong></span> <span class='ocrx_word' id='word_1_713' title='bbox 1500 4685 1502 4688; x_wconf 56' lang='grc'><strong>’</strong></span> 
     </span>
    </p>
   </div>
   <div class='ocr_carea' id='block_1_5' title="bbox 380 4902 1308 4936">
    <p class='ocr_par' dir='ltr' id='par_1_5' title="bbox 380 4902 1308 4936">
     <span class='ocr_line' id='line_1_48' title="bbox 380 4902 471 4917; baseline 0.022 -2"><span class='ocrx_word' id='word_1_714' title='bbox 380 4902 471 4917; x_wconf 75' lang='lat'>—</span> 
     </span>
     <span class='ocr_line' id='line_1_49' title="bbox 1217 4923 1308 4936; baseline -0.011 0"><span class='ocrx_word' id='word_1_715' title='bbox 1217 4923 1308 4936; x_wconf 51' lang='lat' dir='ltr'>m</span> 
     </span>
    </p>
   </div>
   <div class='ocr_carea' id='block_1_6' title="bbox 16 5001 1649 5363">
    <p class='ocr_par' dir='ltr' id='par_1_6' title="bbox 16 5001 1649 5363">
     <span class='ocr_line' id='line_1_50' title="bbox 16 5001 1649 5096; baseline -0.002 -20"><span class='ocrx_word' id='word_1_716' title='bbox 16 5027 42 5076; x_wconf 85' lang='lat' dir='ltr'><strong>it</strong></span> <span class='ocrx_word' id='word_1_717' title='bbox 76 5013 152 5073; x_wconf 74' lang='grc' dir='ltr'>λέετδ</span> <span class='ocrx_word' id='word_1_718' title='bbox 164 5018 253 5074; x_wconf 81' lang='grc' dir='ltr'>ταῦτα</span> <span class='ocrx_word' id='word_1_719' title='bbox 276 5011 326 5088; x_wconf 75' lang='grc' dir='ltr'>δὴ,</span> <span class='ocrx_word' id='word_1_720' title='bbox 346 5001 430 5090; x_wconf 78' lang='grc' dir='ltr'>εἷπον,</span> <span class='ocrx_word' id='word_1_721' title='bbox 449 5012 592 5074; x_wconf 82' lang='grc' dir='ltr'>ἀπείκασον</span> <span class='ocrx_word' id='word_1_722' title='bbox 612 5011 721 5096; x_wconf 81' lang='grc' dir='ltr'>τοιούτῳ</span> <span class='ocrx_word' id='word_1_723' title='bbox 743 5011 852 5082; x_wconf 67' lang='grc' dir='ltr'>πείθεις</span> <span class='ocrx_word' id='word_1_724' title='bbox 898 5023 987 5091; x_wconf 76' lang='lat' dir='ltr'><strong>[soum]</strong></span> <span class='ocrx_word' id='word_1_725' title='bbox 997 5025 1056 5076; x_wconf 83' lang='lat' dir='ltr'><strong>Post</strong></span> <span class='ocrx_word' id='word_1_726' title='bbox 1072 5024 1136 5085; x_wconf 79' lang='lat' dir='ltr'><strong>haec,</strong></span> <span class='ocrx_word' id='word_1_727' title='bbox 1150 5025 1261 5088; x_wconf 86' lang='lat' dir='ltr'><strong>inquam,</strong></span> <span class='ocrx_word' id='word_1_728' title='bbox 1278 5023 1390 5073; x_wconf 86' lang='lat' dir='ltr'><strong>naturam</strong></span> <span class='ocrx_word' id='word_1_729' title='bbox 1407 5021 1528 5083; x_wconf 85' lang='lat' dir='ltr'><strong>nostram,</strong></span> <span class='ocrx_word' id='word_1_730' title='bbox 1545 5020 1609 5085; x_wconf 86' lang='lat' dir='ltr'><strong>qnod</strong></span> <span class='ocrx_word' id='word_1_731' title='bbox 1620 5021 1649 5073; x_wconf 86' lang='lat' dir='ltr'><strong>ad</strong></span> 
     </span>
     <span class='ocr_line' id='line_1_51' title="bbox 42 5097 1649 5184; baseline 0.002 -26"><span class='ocrx_word' id='word_1_732' title='bbox 42 5097 82 5171; x_wconf 73' lang='lat' dir='ltr'>rip</span> <span class='ocrx_word' id='word_1_733' title='bbox 92 5101 225 5184; x_wconf 81' lang='grc' dir='ltr'>ἡμετέραν</span> <span class='ocrx_word' id='word_1_734' title='bbox 241 5099 321 5184; x_wconf 78' lang='grc' dir='ltr'>φύσιν</span> <span class='ocrx_word' id='word_1_735' title='bbox 333 5099 454 5170; x_wconf 86' lang='grc' dir='ltr'>παιδείας</span> <span class='ocrx_word' id='word_1_736' title='bbox 464 5125 493 5160; x_wconf 86' lang='grc' dir='ltr'>τε</span> <span class='ocrx_word' id='word_1_737' title='bbox 509 5102 569 5181; x_wconf 86' lang='grc' dir='ltr'>πέρι</span> <span class='ocrx_word' id='word_1_738' title='bbox 579 5101 625 5162; x_wconf 81' lang='grc' dir='ltr'>καὶ</span> <span class='ocrx_word' id='word_1_739' title='bbox 637 5101 821 5168; x_wconf 79' lang='grc' dir='ltr'>ἀπαιδευσίας·</span> <span class='ocrx_word' id='word_1_740' title='bbox 867 5115 1025 5164; x_wconf 89' lang='lat' dir='ltr'><strong>eruditionem</strong></span> <span class='ocrx_word' id='word_1_741' title='bbox 1043 5114 1143 5177; x_wconf 82' lang='lat' dir='ltr'><strong>ejusque</strong></span> <span class='ocrx_word' id='word_1_742' title='bbox 1155 5113 1300 5162; x_wconf 85' lang='lat' dir='ltr'><strong>eontrarium</strong></span> <span class='ocrx_word' id='word_1_743' title='bbox 1316 5111 1415 5168; x_wconf 84' lang='lat' dir='ltr'><strong>attinet.</strong></span> <span class='ocrx_word' id='word_1_744' title='bbox 1432 5110 1570 5172; x_wconf 79' lang='lat' dir='ltr'><strong>istiusmodi</strong></span> <span class='ocrx_word' id='word_1_745' title='bbox 1583 5111 1649 5161; x_wconf 87' lang='lat' dir='ltr'><strong>casui</strong></span> 
     </span>
     <span class='ocr_line' id='line_1_52' title="bbox 42 5181 1649 5274; baseline 0.001 -28"><span class='ocrx_word' id='word_1_746' title='bbox 42 5187 131 5272; x_wconf 76' lang='grc' dir='ltr'>ἰδέγδιρ</span> <span class='ocrx_word' id='word_1_747' title='bbox 141 5191 296 5273; x_wconf 79' lang='grc' dir='ltr'>ἀνθρώπους</span> <span class='ocrx_word' id='word_1_748' title='bbox 306 5181 360 5248; x_wconf 79' lang='grc' dir='ltr'>οἷον</span> <span class='ocrx_word' id='word_1_749' title='bbox 371 5191 399 5247; x_wconf 90' lang='grc' dir='ltr'>έν</span> <span class='ocrx_word' id='word_1_750' title='bbox 406 5189 538 5272; x_wconf 86' lang='grc' dir='ltr'>καταγείῳ</span> <span class='ocrx_word' id='word_1_751' title='bbox 548 5189 649 5263; x_wconf 78' lang='grc' dir='ltr'>οἰκήσει</span> <span class='ocrx_word' id='word_1_752' title='bbox 661 5191 824 5262; x_wconf 84' lang='grc' dir='ltr'>σπηλαιώδει</span> <span class='ocrx_word' id='word_1_753' title='bbox 839 5255 847 5274; x_wconf 39' lang='grc' dir='ltr'>,Ι</span> <span class='ocrx_word' id='word_1_754' title='bbox 867 5215 977 5266; x_wconf 81' lang='lat' dir='ltr'><strong>eonrpam</strong></span> <span class='ocrx_word' id='word_1_755' title='bbox 1000 5218 1005 5251; x_wconf 95' lang='lat'>:</span> <span class='ocrx_word' id='word_1_756' title='bbox 1022 5202 1137 5251; x_wconf 78' lang='lat' dir='ltr'><strong>sidereis</strong></span> <span class='ocrx_word' id='word_1_757' title='bbox 1156 5206 1214 5263; x_wconf 90' lang='lat' dir='ltr'><strong>puta</strong></span> <span class='ocrx_word' id='word_1_758' title='bbox 1232 5200 1341 5250; x_wconf 83' lang='lat' dir='ltr'><strong>nomines</strong></span> <span class='ocrx_word' id='word_1_759' title='bbox 1357 5199 1382 5248; x_wconf 89' lang='lat' dir='ltr'>in</span> <span class='ocrx_word' id='word_1_760' title='bbox 1401 5199 1556 5250; x_wconf 85' lang='lat' dir='ltr'><strong>subterraneo</strong></span> <span class='ocrx_word' id='word_1_761' title='bbox 1578 5211 1649 5256; x_wconf 87' lang='lat' dir='ltr'><strong>specu</strong></span> 
     </span>
     <span class='ocr_line' id='line_1_53' title="bbox 40 5276 1649 5363; baseline 0.001 -26"><span class='ocrx_word' id='word_1_762' title='bbox 40 5278 258 5358; x_wconf 60' lang='lat' dir='ltr'><strong>lamasapthani</strong></span> <span class='ocrx_word' id='word_1_763' title='bbox 270 5276 490 5363; x_wconf 71' lang='grc' dir='ltr'>πρδςτδριῒιςτὴν</span> <span class='ocrx_word' id='word_1_764' title='bbox 500 5277 598 5338; x_wconf 84' lang='grc' dir='ltr'>είσοδον</span> <span class='ocrx_word' id='word_1_765' title='bbox 609 5279 707 5360; x_wconf 80' lang='grc' dir='ltr'>ἐχούσῃ</span> <span class='ocrx_word' id='word_1_766' title='bbox 719 5277 823 5359; x_wconf 88' lang='grc' dir='ltr'>μακρδιν</span> <span class='ocrx_word' id='word_1_767' title='bbox 869 5297 978 5354; x_wconf 81' lang='lat' dir='ltr'><strong>apertum</strong></span> <span class='ocrx_word' id='word_1_768' title='bbox 990 5290 1019 5338; x_wconf 87' lang='lat' dir='ltr'><strong>ad</strong></span> <span class='ocrx_word' id='word_1_769' title='bbox 1039 5291 1116 5338; x_wconf 84' lang='lat' dir='ltr'><strong>iucem</strong></span> <span class='ocrx_word' id='word_1_770' title='bbox 1134 5291 1222 5338; x_wconf 89' lang='lat' dir='ltr'><strong>ostium</strong></span> <span class='ocrx_word' id='word_1_771' title='bbox 1242 5293 1290 5338; x_wconf 87' lang='lat' dir='ltr'>tam</span> <span class='ocrx_word' id='word_1_772' title='bbox 1303 5289 1378 5338; x_wconf 83' lang='lat' dir='ltr'><strong>iatrnm</strong></span> <span class='ocrx_word' id='word_1_773' title='bbox 1394 5300 1467 5351; x_wconf 84' lang='lat' dir='ltr'><strong>qrram</strong></span> <span class='ocrx_word' id='word_1_774' title='bbox 1483 5300 1568 5352; x_wconf 87' lang='lat' dir='ltr'><strong>specus</strong></span> <span class='ocrx_word' id='word_1_775' title='bbox 1585 5290 1649 5350; x_wconf 85' lang='lat' dir='ltr'><strong>patet</strong></span> 
     </span>
    </p>
   </div>
   <div class='ocr_carea' id='block_1_7' title="bbox 0 0 1900 5840">
    <p class='ocr_par' dir='ltr' id='par_1_7' title="bbox 0 0 1900 5840">
     <span class='ocr_line' id='line_1_54' title="bbox 0 0 1900 5840; baseline 0 0"><span class='ocrx_word' id='word_1_776' title='bbox 0 0 1900 5840; x_wconf 95' lang='lat' dir='ltr'> </span> 
     </span>
    </p>
   </div>
  </div>
 </body>
</html>
