3782 5840
173 427 210 482 tl
788 415 982 474 ltout'l‘utl.
1003 414 1099 474 ΒΙΒΛ.
1122 417 1153 472 Δ.
1655 411 1777 492 Quantae.)

171 553 221 628 τήν
238 553 266 614 el
281 553 395 624 ἐδωδῆς,
417 548 481 612 Ναί.
522 539 578 629 Ἆρ’
603 539 646 607 οὖν
668 546 779 608 καθόσον
794 545 857 628 δίψα
879 545 949 620 ἐστὶ,
995 569 1024 607 ea
1041 555 1160 620 cupiditas
1185 558 1223 606 est
1245 555 1269 604 iu
1287 555 1380 612 auimo,
1401 567 1476 619 quam
1492 553 1694 618 cuiusdietmua?
1711 555 1783 606 velut

170 642 278 710 πλέονος
294 635 450 716 άντινος,ή
466 630 496 696 οὗ
509 637 631 714 λέγομεν,
645 635 769 714 ἐπιθυμία
785 637 811 694 έν
828 639 861 714 τῇ
877 638 950 717 ψυχῇ
995 643 1048 694 sitis
1068 649 1136 696 ealne
1156 645 1209 696 sitis
1224 643 1310 694 calidae
1328 645 1432 708 potionis
1450 645 1489 695 vel
1509 644 1602 707 frigidm
1625 645 1664 696 rel
1693 643 1783 696 multe

171 731 226 804 ε’ίης
240 721 293 791 οἶόν
308 728 372 810 δίψα
393 725 449 786 ἐστὶ
463 725 526 807 δίψα
545 717 597 806 ἆρά
613 747 642 804 γε
657 730 753 806 θερμοῦ
764 721 878 796 πσεοῦή
900 726 949 806 ψυ·
999 733 1037 784 rel
1055 747 1152 797 paucae,
1174 734 1212 784 rel
1229 747 1277 784 uno
1295 739 1323 783 ut
1340 733 1414 784 verbo
1430 733 1521 795 dicam,
1540 733 1720 797 alicujusmodi
1737 747 1785 798 po-

169 816 287 902 χροῦ,ἢ
306 818 403 876 πολλοῦ
417 813 434 887 ἢ
446 815 551 892 όλίγου,
570 813 649 886 ἢκαὶ
666 813 703 873 ἐνὶ
716 812 787 894 λόγῳ
798 817 873 871 ποιοῦ
885 809 952 878 τινδς
996 822 1063 872 culi?
1080 835 1125 883 au,
1145 823 1166 873 si
1177 822 1242 872 calor
1261 822 1302 874 siti
1319 821 1403 883 adeat,
1420 822 1499 885 frigidi
1514 823 1647 886 appetitum
1668 822 1782 885 inducit,

135 929 149 970 t
171 907 309 987 πώματοςς
330 903 349 978 ή
371 904 415 963 ἐθιν
437 901 484 982 μέν
502 927 541 970 τις
555 901 681 984 θερμότης
696 905 734 984 τῷ
755 901 824 983 δίψει
847 904 951 980 προσῇ,
998 912 1036 962 ain
1055 913 1136 962 aulem
1149 911 1237 974 frigus,
1250 910 1373 961 caliditet
1389 911 1410 960 ei
1422 917 1520 974 propter
1530 911 1684 975 presentiam
1697 911 1785 962 multi·

169 997 217 1068 τὴν
233 1002 278 1056 τοῦ
295 998 397 1077 ψυχροῦ
416 991 555 1071 ἐπιθυμίαν
577 990 781 1072 προσπαρέχοιτ’
802 989 845 1067 ἂν,
863 989 907 1049 ἐὰν
922 987 950 1048 δὲ
965 1002 982 1044 e
999 999 1090 1050 tudinis
1100 999 1175 1049 multa
1187 1003 1225 1050 eat
1235 998 1301 1061 sitis,
1312 999 1382 1050 multi
1394 1000 1527 1063 appetitum
1540 999 1637 1062 inferet,
1650 1000 1688 1050 sin
1699 1005 1785 1051 aulem
1881 987 1882 992 '

169 1085 319 1167 ψυχρότης,
331 1083 380 1156 τήν
391 1087 436 1142 τοῦ
447 1085 559 1164 θερμοῦ,
570 1079 614 1139 ἐὰν
629 1078 657 1139 δέ
671 1078 715 1139 διά
724 1077 838 1163 πλήθους
852 1101 950 1160 παραυ·
998 1101 1090 1152 ραυοα,
1105 1089 1190 1152 pauci?
1206 1088 1286 1152 ipsum
1295 1100 1355 1138 vero
1369 1088 1435 1138 sitire
1446 1102 1572 1153 nunquam
1587 1088 1652 1140 alius
1664 1088 1786 1154 appetitio

169 1174 228 1234 σίαν
240 1171 327 1245 πολλὴ
342 1176 360 1244 ή
376 1171 438 1252 δίψα
452 1162 486 1249 ᾖ,
505 1167 553 1242 τήν
565 1174 610 1228 τοῦ
622 1171 720 1229 πολλοῦ
735 1166 889 1249 παρέξεται,
906 1166 951 1226 ἐδιν
996 1181 1045 1238 eal,
1057 1191 1129 1241 quam
1147 1177 1218 1240 cuius
1230 1179 1316 1241 suapte
1326 1181 1412 1227 natura
1428 1182 1479 1239 est,
1496 1177 1573 1241 ipsius
1591 1177 1710 1242 potionis,
1728 1191 1785 1228 ται·

168 1261 196 1322 δέ
207 1262 282 1342 όλίγη
293 1307 300 1337 ,
312 1260 360 1334 τὴν
375 1266 420 1321 τοῦ
432 1259 534 1339 ὀλίγους
545 1257 608 1318 αότδ
620 1257 648 1318 δέ
660 1257 691 1317 τὸ
703 1259 780 1339 διψῇν
796 1258 825 1316 οῦ
838 1257 875 1334 μή
886 1280 951 1316 ποτε
995 1280 1086 1331 susque
1097 1267 1188 1317 esurire
1199 1266 1263 1317 eibi?
1274 1265 1336 1332 [cn]
1347 1269 1398 1328 lta,
1411 1266 1489 1331 inquit
1501 1287 1507 1318 a
1520 1267 1572 1330 lpse
1582 1267 1703 1331 cupiditas
1715 1280 1786 1332 quaa·
1804 1262 1808 1266 ’

126 1383 149 1421 ,η
168 1353 248 1412 ἄλλου
260 1349 366 1430 γένηται
380 1349 517 1427 ἐπιθυμία,
532 1347 550 1419 ἢ
566 1339 646 1428 οὗπερ
660 1344 785 1428 πέφυκεν,
802 1347 881 1406 αὐτοῦ
893 1343 949 1406 rd-
997 1355 1303 1421 queipsiuscujuaqueeat
1315 1353 1550 1419 solum,cn1uaipse
1566 1358 1715 1417 detumeat,
1730 1355 1786 1406 telis

169 1462 264 1519 ματος,
273 1437 319 1498 καλ
331 1433 404 1501 edne
414 1442 504 1518 πεινῇν
521 1434 675 1517 βρώματος,
690 1432 796 1508 Οὕτως,
810 1433 869 1514 έρη·
885 1433 952 1506 αὐτή
997 1447 1077 1495 aulem
1087 1445 1125 1494 vel
1132 1442 1187 1494 talis
1194 1443 1331 1494 accedentia
1341 1447 1407 1494 suut.
1423 1441 1511 1509 [soon]
1519 1443 1661 1494 carendum
1669 1448 1706 1494 esi
1713 1457 1786 1507 vero,

167 1553 197 1609 γε
210 1533 226 1601 ή
238 1526 363 1607 ἐπιθυμία
374 1525 473 1598 ἐκάστη
482 1529 561 1586 αὐτοῦ
573 1524 650 1604 μόνον
660 1523 787 1599 ἑκάστου,
798 1515 828 1582 οδ
837 1522 951 1604 πέρυκε,
997 1533 1110 1596 iuquam,
1123 1546 1153 1583 ue
1162 1532 1217 1596 quis
1228 1545 1273 1582 nos
1284 1531 1431 1596 improvidos
1439 1531 1535 1595 turbet,
1545 1532 1651 1584 intereras
1660 1532 1786 1584 neminen

125 1621 213 1677 ίῦθτοῦ
224 1613 440 1689 θέτοίσυήτοίου
451 1613 484 1674 τά
497 1612 716 1696 προσγιγνόμενα.
760 1611 806 1684 Μή
817 1612 859 1674 τοί
865 1636 912 1685 τις,
919 1604 952 1686 ήν
970 1623 1084 1688 apulum
1097 1635 1197 1686 cupere,
1209 1621 1352 1672 οοόθουυιιι
1364 1625 1463 1686 potum,
1474 1627 1498 1672 et
1508 1635 1556 1678 non
1570 1623 1666 1682 cibum,
1679 1623 1723 1673 sed
1741 1623 1784 1673 bc

168 1703 260 1785 δ’ἐγὼ,
270 1704 412 1772 ἀσκέπτους
421 1708 493 1782 ἡμᾶς
502 1703 577 1771 ὄντας
588 1701 730 1784 θορυόήσῃ,
740 1699 862 1769 ὡςοθδεὶς
871 1707 951 1762 ποτοῦ
997 1725 1056 1762 num
1068 1710 1148 1760 cibum
1167 1725 1174 1759 :
1188 1723 1274 1774 nempe
1293 1722 1378 1762 omnes
1398 1710 1462 1761 bona
1476 1715 1596 1774 expetere.
1613 1711 1633 1762 si
1645 1711 1718 1774 igilur
1731 1711 1787 1763 sitis

133 1816 157 1860 te
170 1794 303 1872 ἐπιθυμεῖ,
325 1791 394 1853 ἀλλὰ
408 1797 525 1874 χρηστοῦ
547 1796 643 1864 ποτοῦ,
663 1789 709 1851 καλ
728 1793 757 1849 οῦ
778 1788 864 1862 σίτου,
882 1788 951 1850 αἰλλά
995 1799 1110 1865 appetitio
1122 1799 1171 1861 sit,
1189 1799 1244 1849 boni
1257 1811 1310 1850 esse
1321 1799 1372 1850 aive
1382 1800 1463 1864 poeuli
1475 1814 1518 1852 seu
1532 1799 1606 1862 alius,
1619 1801 1689 1863 cujus
1700 1802 1734 1851 sit
1743 1815 1784 1863 ap·

167 1887 283 1964 χρηστοῦ
296 1880 376 1942 σίτου·
391 1880 486 1948 πάντες
496 1879 548 1960 γδιρ
563 1877 615 1962 ἄρα
628 1882 681 1938 τῶν
694 1880 798 1958 ἀγαθῶν
810 1880 952 1957 ἐπιθυμοῦ-
995 1889 1090 1953 petitio,
1110 1889 1267 1951 similiterque
1288 1893 1389 1942 ceteras.
1409 1887 1469 1954 [cn]
1494 1889 1573 1940 Possit
1592 1903 1664 1951 saue,
1686 1890 1784 1954 inquit,

167 1951 218 2034 σιν.
262 1973 284 2030 εί
303 1960 348 2028 οἷόν
366 1973 383 2042 ἡ
401 1967 464 2050 δίψα
485 1967 610 2046 ἐπιθυμία
630 1967 701 2044 ἐστὶ,
723 1971 839 2048 χρηστοῦ
862 1965 893 2025 ἂν
908 1965 949 2040 εἴη
994 1976 1309 2041 aliquiddicerevideriqui
1322 1977 1374 2028 traco
1387 1976 1660 2042 dieat.[soen.]verum
1681 1981 1780 2038 lamen,

168 2057 219 2117 εἴτε
237 2055 363 2136 πόματος
383 2055 434 2116 εἴτε
456 2055 551 2129 άλλου,
572 2052 632 2114 decu
647 2053 717 2114 ἐστὶν
739 2053 878 2133 ἐπιθυμία,
902 2053 949 2114 καί
997 2067 1110 2130 inquam,
1126 2064 1321 2131 quaecunqueita
1329 2066 1466 2128 comparata
1479 2069 1550 2126 sunl,
1566 2064 1705 2127 ulallcujus
1719 2065 1785 2128 εἰσι,

168 2149 196 2207 cri
215 2145 294 2206 άλλοιι
309 2143 388 2205 οῦτοι.
414 2144 493 2212 Ἴσως
506 2143 558 2226 γάρ
585 2141 627 2216 ἂν,
642 2141 709 2226 ἔφη,
730 2143 803 2202 δοκοῖ
820 2166 845 2202 τι
864 2141 949 2221 λέγειν
994 2153 1129 2217 sialiouius
1140 2153 1205 2208 modi
1215 2159 1286 2215 suut,
1297 2153 1349 2216 ejus
1360 2157 1432 2215 aunt,
1443 2153 1472 2202 ut
1484 2152 1594 2214 arbitror,
1605 2153 1670 2223 quod
1680 2152 1785 2215 alicuius

127 2256 151 2296 tu
167 2237 180 2293 l
198 2239 283 2294 ταῦτα
297 2232 392 2313 λέγων.
409 2231 495 2294 Ἀλλά
510 2232 612 2312 μέντοι,
624 2222 656 2305 ήν
669 2230 691 2290 θ’
705 2229 770 2309 ἐγὼ,
782 2229 832 2290 όσα
853 2233 878 2309 γ’
893 2230 949 2290 ἐστὶ
995 2242 1062 2293 modi
1072 2244 1122 2304 est,
1135 2241 1188 2305 ipse
1199 2243 1280 2293 αυιειυ
1297 2254 1401 2306 qumque
1416 2239 1492 2305 ipsius
1509 2240 1628 2304 cujusque
1645 2240 1784 2291 dumtaxat.
1881 2243 1882 2252 ¹

165 2327 287 2396 τοιαῦτα,
301 2312 344 2381 οἶα
359 2312 426 2382 ε’ίναί
436 2347 495 2396 του,
507 2321 541 2381 τλι
562 2320 610 2399 μέν
624 2317 687 2380 ποιά
704 2318 771 2378 άττα
786 2323 861 2379 ποιοῦ
879 2315 980 2388 τινόςί)
995 2329 1056 2396 [οι.]
1065 2331 1135 2382 llaud
1143 2331 1262 2395 intelligo,
1273 2328 1361 2394 inquit
1372 2327 1460 2395 [soon]
1470 2333 1523 2380 Non
1531 2329 1657 2392 intelligis,
1667 2329 1784 2393 inquam,

167 2413 245 2483 ἐστιν,
256 2412 291 2477 ὡς
302 2408 361 2486 ἐμοὶ
371 2411 457 2487 δοκεῖ,
467 2408 501 2468 τά
514 2411 537 2468 θ’
550 2407 617 2468 edelr
631 2406 730 2468 ἕκαστα
746 2409 825 2467 αὐτοῦ
838 2407 949 2467 ἑκάστου
996 2420 1073 2483 nujus
1089 2419 1121 2470 ita
1131 2423 1296 2483 comparatum
1311 2431 1378 2480 esse,
1395 2421 1422 2466 ut
1439 2413 1540 2481 alicujus
1554 2415 1631 2492 mnjus
1651 2418 1701 2468 ait?
1721 2415 1785 2484 [oc]

167 2495 253 2576 μόνον.
274 2499 333 2558 Οὔκ
344 2496 451 2575 ἔμαθον,
466 2496 524 2578 ἐρη.
566 2499 625 2558 Οὐκ
641 2496 753 2574 ἔμαθες,
767 2495 841 2573 ἔφην,
859 2497 902 2556 ὅτι
918 2497 949 2557 τὸ
994 2506 1176 2574 Pinne.[soca.]
1189 2511 1274 2558 Nonne
1284 2507 1401 2556 minoris?
1413 2504 1472 2570 [cn]
1487 2508 1531 2556 lta,
1544 2504 1634 2569 [soen]
1648 2505 1725 2556 llullo
1741 2519 1783 2555 au·

168 2587 253 2664 μεῖζον
265 2586 381 2645 τοιοῦτόν
392 2587 471 2660 ἐστιν,
486 2578 539 2646 οἷον
553 2587 622 2656 τινδς
634 2576 699 2645 εἶναι
710 2588 811 2662 μεῖζονς
821 2585 896 2645 Πάνυ
906 2610 946 2666 γε.
995 2604 1042 2650 tem
1053 2601 1129 2661 majus
1139 2599 1216 2649 multo
1228 2598 1336 2649 minoris.
1357 2602 1451 2648 nonne?
1462 2593 1523 2662 [un]
1534 2598 1576 2644 ltu.
1592 2592 1680 2658 [soen]
1692 2595 1782 2643 Nonne

128 2687 154 2729 ιθ
169 2677 273 2736 Οὐκοῦν
287 2679 333 2734 τοῦ
354 2673 503 2750 ἐλάττονοςς
523 2674 589 2738 Ναί.
631 2673 672 2736 Τό
690 2671 719 2734 δέ
736 2697 765 2753 γε
779 2673 847 2734 πολὺ
863 2679 950 2752 μεῖζον
994 2688 1066 2737 etiam
1078 2687 1212 2750 aliquando
1226 2688 1305 2750 majus
1313 2685 1443 2750 aliquando
1452 2684 1553 2735 minoris
1571 2685 1596 2734 et
1606 2683 1716 2732 tutorum
1736 2695 1784 2731 ura·

166 2761 232 2823 πολῖι
249 2761 393 2833 ἐλάττονος.
411 2755 429 2836 ή
447 2764 511 2846 γάρ;
532 2763 596 2825 Ναί.
619 2753 677 2846 Ἆρ’
700 2755 745 2823 σόν
767 2761 813 2822 καλ
835 2762 864 2822 τό
886 2763 949 2824 ποτέ
992 2775 1031 2839 jus
1054 2775 1130 2827 futuri
1150 2775 1265 2826 minoris?
1284 2774 1345 2841 [cn]
1371 2774 1448 2836 Quid,
1466 2787 1562 2838 quaeso,
1588 2770 1669 2822 aliud?
1692 2769 1781 2833 inquit.

167 2856 253 2928 μεῖζον
262 2848 325 2912 rael
340 2851 474 2919 ἐλάττονος
484 2852 532 2912 καί
546 2851 575 2912 τὸ
588 2851 711 2930 ἐσόμενον
726 2855 813 2930 μεῖζον
827 2850 950 2927 ἐσομένου
995 2863 1087 2930 [soen]
1096 2869 1174 2928 Atque
1183 2865 1255 2915 etiam
1266 2863 1374 2928 pluraad
1384 2861 1592 2928 pauciore,dupla
1602 2859 1632 2911 ed
1645 2859 1748 2910 dimidia
1759 2864 1784 2910 et

167 2939 315 3012 tiemone
330 2938 417 3000 ’Ᾱλδίι
432 2939 458 2999 τί
475 2931 571 3018 illud
586 2939 608 3000 δ’
620 2938 657 3008 ὅς·
700 2939 755 3000 Καὶ
766 2938 799 2999 τδι
813 2939 896 2998 πλείω
916 2939 948 3013 δὴ
966 2953 1075 3003 comnia
1089 2952 1159 3014 talio,
1172 2953 1278 3017 itemque
1293 2953 1402 3016 graviora
1420 2950 1450 3001 ad
1465 2951 1556 3001 leuiora
1573 2953 1598 3000 el
1609 2949 1731 3000 velociora
1751 2947 1784 2998 ad

166 3029 230 3108 πρδς
242 3025 280 3088 τά.
290 3027 392 3088 ἐλάττω
407 3027 453 3087 καλ
470 3028 504 3088 τά
518 3027 644 3088 διπλάσια
659 3026 724 3109 πρὸς
736 3026 770 3087 τά
790 3027 889 3106 ἡμίσεα
904 3027 949 3088 καί
996 3041 1102 3092 tardiora
1111 3046 1136 3090 et
1147 3040 1224 3090 culida
1238 3041 1296 3092 item
1309 3040 1340 3091 ad
1352 3039 1436 3102 trtqlda
1447 3039 1576 3102 omniaque
1592 3039 1678 3088 horum
1694 3036 1785 3086 similia

130 3116 252 3181 ιοπάντιι
271 3115 305 3175 τθι
317 3121 442 3189 τοιαῦτα,
460 3117 505 3176 καί
526 3107 560 3176 αθ
581 3116 711 3198 βαρύτερα
727 3115 792 3198 πρός
805 3115 950 3198 κουφότερα
993 3141 1073 3179 nonne
1083 3128 1169 3180 mdem
1184 3128 1256 3180 modo
1270 3126 1579 3194 selrabent?[cc.](lerte.
1612 3123 1702 3190 [soen]
1715 3125 1780 3183 Quid

168 3203 214 3263 καλ
235 3203 322 3262 θάττω
335 3201 399 3284 πρὸς
419 3201 452 3263 τά
469 3203 629 3286 βραδύτερα,
649 3204 695 3263 καὶ
715 3203 753 3263 έτι
768 3228 798 3283 γε
814 3202 848 3262 τά
866 3203 950 3284 θερμά
994 3231 1117 3282 neroque
1128 3217 1281 3268 adiciendae
1295 3219 1420 3281 spectanti
1431 3230 1513 3268 noune
1523 3215 1606 3267 eadem
1617 3215 1693 3265 ratio?
1709 3215 1786 3265 scien·

167 3292 231 3372 πρὸς
247 3291 281 3352 τά
296 3290 386 3373 ψυχρά
406 3293 452 3351 καλ
473 3291 561 3352 πάντα
579 3291 613 3352 τά
627 3291 727 3361 τούτοις
744 3292 821 3370 ὅμοια
837 3283 879 3373 ἆρ’
901 3295 950 3373 οὐχ
994 3307 1028 3356 tic
1040 3305 1137 3370 quidem
1148 3305 1200 3369 ipsa
1212 3305 1302 3370 ipsius,
1312 3305 1377 3370 quod
1394 3305 1504 3366 discitur,
1513 3305 1612 3355 scientia
1623 3307 1675 3363 est,
1688 3302 1726 3353 nel
1742 3315 1774 3352 cu

169 3380 251 3451 οὕτως
264 3379 337 3462 ἔχει,
353 3379 427 3441 Πάνυ
446 3379 495 3458 μέν
510 3375 566 3444 οὖν.
609 3381 645 3443 Τί
663 3380 690 3441 δέ
703 3383 740 3441 τὰ
753 3383 813 3462 περὶ
831 3381 877 3450 τὰς
892 3383 950 3441 ἐπι·
992 3387 1241 3459 jus'cunquedicenda
1254 3399 1355 3446 estesse
1365 3395 1475 3456 scientia,
1487 3394 1587 3445 scientia
1596 3407 1655 3443 nero
1668 3391 1784 3456 quaedcm

167 3470 285 3548 στήμαςς
300 3471 350 3550 οὐχ
363 3474 377 3528 θ
393 3469 470 3538 αὐτὸς
482 3469 589 3552 τρόπος;
602 3471 736 3548 ἐπιστήμη
752 3467 800 3548 μέν
815 3469 881 3543 αὐτή
896 3495 948 3548 μα·
995 3485 1018 3534 et
1032 3483 1135 3546 alicuine
1146 3483 1211 3534 modi
1221 3483 1287 3546 eius,
1299 3483 1364 3549 qnod
1375 3483 1474 3548 clioujua
1485 3483 1550 3534 modi
1559 3486 1611 3545 est,
1621 3485 1643 3532 el
1654 3480 1784 3545 enjusdam

126 3587 152 3625 ευ
166 3559 282 3638 δείματος
296 3559 375 3618 αὐτοῦ
390 3558 524 3636 ἐπιστήμη
537 3558 742 3632 ἐστὶι,ήδτιιυδὴ
756 3560 796 3619 δεῖ
807 3562 888 3618 θεῖναι
900 3555 947 3630 τήν
996 3577 1050 3623 est?
1061 3572 1115 3622 dico
1124 3576 1206 3624 autem
1213 3574 1261 3623 tale
1270 3573 1330 3636 qnid
1341 3590 1347 3624 :
1358 3587 1437 3623 nonne
1447 3575 1574 3637 postquam
1584 3569 1783 3622 aedificandorum

165 3647 323 3726 ἐπιστήμην,
342 3646 476 3724 ἐπιστήμη
491 3648 518 3707 δέ
533 3647 571 3716 τὶς
591 3647 637 3707 καλ
655 3647 719 3708 πιιιῖ
734 3671 771 3714 τις
789 3653 865 3708 ποιοῦ
879 3650 948 3716 τινδς
994 3661 1084 3712 andium
1096 3661 1196 3712 scientia
1205 3662 1310 3724 exstitit,
1324 3662 1354 3712 ab
1366 3661 1465 3726 reliquis
1477 3661 1584 3712 scientiis
1602 3660 1706 3710 discreta
1728 3661 1784 3722 est,

164 3736 209 3796 καλ
222 3736 303 3810 τινόςς
319 3734 389 3814 λέγω
402 3735 472 3796 δὲτὸ
485 3735 592 3796 τοιόνδεΙ
605 3738 652 3796 οὐκ
671 3736 760 3810 ἐπειδὴ
774 3736 856 3806 οἰκίας
868 3739 948 3817 ἐργα-
965 3727 1030 3800 dua
1050 3752 1078 3801 ut
1099 3751 1260 3801 arcltitectura
1278 3751 1455 3814 appellaretur?
1475 3748 1537 3815 [cc]
1562 3748 1668 3808 Quidni?
1688 3747 1783 3815 [soem]

164 3824 223 3892 σίας
232 3823 367 3901 ἐπιστήμη
376 3824 490 3903 ἐγένετο,
499 3824 618 3904 διήνεγκε
626 3830 677 3884 τῶν
688 3824 775 3884 ἄλλων
785 3826 948 3902 ἐπιστημῶν,
994 3841 1079 3890 Nonne
1092 3853 1134 3900 eo,
1146 3839 1210 3903 quod
1221 3839 1323 3901 alicuius
1335 3838 1400 3890 modi
1412 3843 1478 3891 esset
1489 3838 1558 3900 eujus
1573 3838 1720 3901 reliquarum
1734 3837 1784 3888 alia

164 3911 230 3971 ὥστε
245 3909 397 3989 οἰκοδομική
411 3915 553 3985 κληθῆναι·
570 3912 606 3974 Τί
627 3913 695 3992 μήν;
712 3904 776 3993 Ἆρ’
787 3915 816 3973 οὗ
831 3917 869 3994 τῷ
885 3912 948 3974 ποιά
997 3927 1079 3979 nulla?
1092 3927 1150 3993 [ou]
1162 3932 1261 3992 Nempe.
1271 3927 1362 3993 [soon]
1372 3931 1432 3990 Ergo
1444 3926 1563 3991 quiaerat
1577 3925 1643 3988 eius,
1660 3925 1727 3989 quod
1742 3925 1783 3976 ali·

121 4027 151 4066 ao
164 4024 202 4069 τις
219 3991 299 4071 εἶναι,
314 3997 356 4058 ota
371 3998 447 4080 ἑτέρα
460 4000 569 4078 οὐδεμία
585 4005 636 4060 τῶν
651 4000 753 4074 ἄλλωνς
765 3999 829 4062 Ναί.
844 4004 947 4063 Οὐκοῦν
993 4016 1142 4081 eujrrsmodt
1153 4021 1231 4078 esset,
1241 4016 1326 4080 etipsa
1337 4015 1440 4078 alicuius
1451 4015 1674 4065 modicuectaeste
1684 4013 1783 4064 eodem-

164 4086 254 4159 ἐπειδὴ
269 4092 343 4146 ποιοῦ
358 4086 441 4166 τινὀς,
454 4086 500 4147 καλ
514 4086 583 4160 οιθτή
597 4087 662 4147 ποιά
676 4113 714 4157 τις
729 4087 847 4169 ἐγένετος
860 4091 906 4150 καλ
921 4093 948 4150 αἱ
993 4119 1041 4169 que
1054 4105 1126 4156 modo
1136 4109 1222 4156 ooterae
1231 4107 1296 4156 artes
1307 4107 1333 4156 et
1351 4104 1476 4156 scientim?
1494 4102 1555 4169 [cu]
1572 4107 1617 4154 list
1632 4103 1674 4153 ita.
1690 4101 1783 4167 [soem]

165 4175 244 4235 ἄλλα*
260 4174 328 4234 Οὕτω
341 4172 433 4254 TE'itti‘
451 4198 479 4235 τι
494 4175 541 4236 καὶ
559 4179 719 4255 ἕπῑπῆμαῑὶ
739 4175 834 4238 Ἔστιν
862 4171 942 4236 oleo.
994 4197 1046 4245 lloe
1061 4195 1140 4258 igilur,
1156 4195 1270 4259 inquam,
1288 4193 1371 4245 dicere
1389 4207 1429 4244 me
1446 4193 1551 4244 voluisse
1568 4197 1626 4243 tunc
1643 4195 1742 4256 putato,
1757 4193 1781 4242 si

163 4269 252 4326 Τοῦτο
265 4253 406 4336 “titillent
422 4265 445 4322 δ’
461 4263 528 4343 ἐγὼ,
543 4264 606 4346 φάθι
621 4289 654 4343 με
668 4263 727 4327 τότε
744 4265 883 4344 βιύλισθιιι
901 4266 948 4326 λέ·
992 4283 1090 4347 quidem
1103 4297 1166 4333 nunc
1182 4282 1334 4346 intellexisti,
1345 4295 1498 4346 quecunque
1516 4282 1550 4332 lla
1566 4285 1705 4345 comparate
1717 4280 1784 4344 sint,

164 4377 227 4433 γεῑν,
241 4355 264 4413 εἷ
277 4352 328 4432 ἄρα
343 4357 387 4411 νῦν
401 4351 511 4430 ἔμαθες,
526 4351 567 4412 t'l'rt
581 4351 631 4413 ὅσα
650 4353 720 4414 ἐστὶν
736 4345 779 4413 θλα
794 4343 862 4413 εἶναί
884 4377 946 4428 τοῦ,
993 4376 1021 4421 ut
1040 4371 1143 4435 alicujus
1161 4372 1210 4422 sint
1217 4408 1226 4433 ,
1237 4371 1289 4435 ipsa
1301 4371 1398 4434 quidem
1411 4371 1463 4422 sola
1474 4371 1582 4435 ipsorum
1594 4369 1701 4420 solorum
1711 4381 1783 4429 esse,

121 4466 150 4504 ιε
163 4439 231 4502 edelr
243 4439 291 4520 μέν
302 4439 370 4519 μόνα
380 4442 466 4500 αὐτῶν
482 4439 568 4520 μόνων
580 4442 650 4515 ἐστὶ,
663 4445 715 4502 τῶν
729 4440 757 4502 δέ
768 4445 852 4502 ποιῶν
866 4446 944 4503 τινῶν
967 4465 1050 4524 equae
1059 4473 1115 4510 vero
1127 4473 1225 4522 eorum,
1240 4473 1296 4524 qum
1307 4463 1365 4509 aunt
1375 4458 1564 4524 alicujusmodi,
1576 4471 1604 4510 ea
1613 4471 1667 4508 esse
1676 4456 1784 4518 alicuius

164 4529 226 4590 ποιδι
239 4529 315 4590 ἄττα.
336 4529 382 4591 καί
398 4528 427 4590 οὗ
445 4553 471 4589 τι
489 4528 575 4609 λέγω,
595 4533 643 4604 ὣς,
658 4529 719 4590 οἵων
734 4530 766 4592 δν
782 4523 815 4613 ᾗ,
836 4536 947 4592 τοιαῦτα
994 4547 1068 4598 modi.
1081 4562 1160 4612 neque
1178 4561 1235 4599 vero
1251 4548 1360 4612 qualium
1372 4548 1438 4611 sint,
1450 4547 1508 4598 tatia
1519 4546 1591 4598 ctiam
1603 4559 1658 4596 esse
1670 4558 1699 4595 ea
1710 4545 1776 4603 dieo,

164 4621 210 4680 καὶ
231 4619 312 4698 ἔστιν,
331 4623 366 4688 ῶς
386 4623 438 4701 ἄρα
453 4619 499 4678 καὶ
517 4623 569 4679 τῶν
589 4623 706 4697 ὑγιεινῶν
724 4621 770 4681 καὶ
790 4623 911 4686 νοσωδῶν
929 4627 946 4695 ἠ
993 4637 1062 4701 quasi
1076 4636 1209 4687 salubrium
1220 4639 1245 4687 et
1254 4636 1413 4687 insalubrium
1427 4635 1527 4687 scientia
1538 4634 1642 4686 salubris
1653 4640 1677 4685 et
1689 4633 1777 4684 insalu·

164 4707 297 4786 ἐπιστήμη
313 4707 411 4788 ὑγιεινὴ
424 4707 471 4768 xal
488 4705 603 4781 νοσώδης
619 4708 665 4767 καὶ
675 4712 728 4768 τῶν
740 4713 829 4769 κακῶν
839 4708 885 4769 ael
896 4714 947 4770 τῶν
991 4725 1043 4777 bris
1054 4731 1080 4776 et
1096 4725 1215 4776 matorum
1230 4731 1304 4789 atqua
1320 4725 1438 4776 bonorum
1454 4725 1517 4775 :nala
1536 4738 1566 4775 ac
1583 4724 1645 4774 bona
1661 4723 1710 4784 sit,
1734 4719 1779 4774 ael

164 4801 269 4875 ἀγαθῶν
281 4795 351 4870 κακή
363 4798 409 4857 καί
419 4795 514 4876 ἀγαθή·
527 4799 586 4858 ἀλλ’
599 4796 689 4870 ἐπειδὴ
702 4801 749 4858 οῦκ
761 4800 854 4872 αὐτοῦ,
867 4789 947 4883 οὗπερ
991 4815 1104 4878 quoniam
1116 4828 1164 4865 nou
1175 4814 1253 4876 illius,
1271 4813 1341 4877 cujus
1353 4813 1451 4864 scieutm
1463 4815 1517 4874 est,
1534 4813 1596 4864 lacta
1610 4815 1649 4862 est
1663 4809 1776 4871 seientia,

121 4917 154 4956 eo
166 4885 300 4963 ἐπιστήμη
312 4885 391 4960 ἐστὶν,
406 4884 507 4965 ἐγένετο
519 4885 671 4965 ἐπιστήμη,
690 4886 759 4946 &W
771 4892 846 4946 ποιοῦ
863 4886 945 4962 τινὸς,
991 4903 1035 4954 sed
1045 4902 1184 4968 ejus‚quod
1192 4902 1295 4967 alicujus
1305 4902 1371 4954 modi
1383 4906 1464 4964 esset,
1474 4902 1609 4952 hocautem
1620 4901 1671 4951 erat
1681 4899 1780 4952 salulne

164 4981 242 5036 rodco
256 4974 280 5033 δ’
291 4965 324 5047 ἦν
336 4973 447 5052 ὑγιεινὸν
461 4973 507 5034 καλ
521 4977 648 5053 νοσῶδες,
663 4973 727 5034 ιιῦιδι
743 4974 775 5048 δή
792 4998 830 5044 τις
848 4973 946 5050 σιιέὸη
992 4994 1017 5043 et
1030 4992 1164 5054 insalubre,
1181 4991 1281 5055 alicujus
1297 4990 1361 5041 modi
1374 4992 1425 5055 ipsa
1443 5003 1541 5055 quoque
1551 4990 1638 5040 edecta
1652 4993 1690 5039 cst
1703 4988 1779 5053 idque

163 5065 211 5126 κτλ
230 5062 296 5135 αὕτη
308 5061 442 5140 γενέσθαι,
465 5062 511 5123 καὶ
529 5069 606 5124 τοῦτο
625 5061 706 5138 αὐτήν
725 5063 831 5136 ἐποίησε
852 5063 947 5141 μηκέτι
991 5081 1095 5131 inoausa
1107 5079 1161 5143 init,
1173 5082 1201 5129 ut
1210 5092 1258 5128 uon
1271 5079 1374 5143 amplius
1385 5079 1484 5130 scientia
1495 5078 1634 5142 simpliciter
1641 5076 1776 5140 appellare·

159 5151 314 5230 ἐπιστήμην
340 5151 433 5229 ,ἅπλῶς
453 5155 601 5225 καλεῖσθαι,
628 5150 697 5211 ent
719 5157 765 5211 τοῦ
783 5157 857 5211 ποιοῦ
878 5151 946 5220 τινὸς
992 5172 1042 5231 mr,
1054 5163 1421 5229 commemoratumque
1433 5164 1560 5226 moueat,
1575 5161 1705 5213 medicina.
1717 5159 1778 5226 [ια]
