3860 5858
719 453 848 516 Ludus.
875 455 946 513 iis.
970 454 993 512 i.
1425 546 1430 556 Ι
1609 465 1666 518 267

42 611 126 666 μενοι.
141 589 235 647 οὐκοῦν
246 585 278 646 τθι
289 585 358 665 μετά
370 591 453 646 ταῦτα
466 585 583 664 εἴποιμεν
597 585 627 645 ἀν
640 591 724 664 ἡμεῖς,
738 587 777 646 δτι
795 586 834 647 Σὺ
881 608 960 657 pugna
971 593 1052 644 hostes
1062 594 1262 643 comminusense
1271 595 1361 657 petant.
1393 595 1680 660 secundumlioeolgitur-

9 721 10 740 ι
44 677 91 754 μὲν
102 677 386 751 θπαινεῖς,ιὶιςέοεκας,
396 666 418 736 ἀί)
430 677 561 757 Τύρταιε,
574 676 689 754 μάλιστα
701 677 759 744 τοὺς
771 676 835 757 πρὸς
881 698 924 734 nos
944 683 1053 732 dicemus
1075 697 1082 732 ε
1097 685 1123 733 ευ
1137 681 1236 745 quidem
1256 683 1353 745 laudas,
1371 685 1400 733 ut
1413 684 1512 746 videris,
1523 699 1539 735 o
1552 687 1665 749 Tprtree,

46 767 86 825 ιὀν
109 767 208 826 ὀθνεῖόν
231 790 259 826 τε
274 766 320 826 καί
339 765 433 834 ἔξωθεν
444 766 559 842 πόλεμον
572 766 724 844 γιγνόμενον
740 769 835 848 έπιιρα-
879 773 986 822 maxime
997 773 1022 821 in
1035 771 1158 834 peregrino
1170 775 1195 821 et
1206 773 1353 822 extrinsecus
1366 773 1428 822 bello
1443 773 1565 826 accidente
1574 777 1665 840 eoospi·

46 863 105 922 ιείς.
119 855 186 936 φαίη
199 854 272 914 ταῦτ’
286 855 318 914 ἀν
330 879 381 914 που
391 853 436 914 καλ
448 857 580 933 ὁμολογοῖ.
592 890 630 902 -
643 859 704 916 ΚΛ.
720 854 755 916 Τί
765 855 833 933 μήν;
880 875 946 912 ciros.
960 861 1076 924 quoditie
1089 862 1179 911 seilicet
1188 861 1317 911 affirmabit
1327 863 1352 912 et
1366 862 1580 914 concedet-Gn.
1590 865 1666 923 Quid-

17 965 28 1001 s
45 981 82 990 -
95 948 157 1007 iii.
171 945 269 1020 Ἡμεῖς
288 945 316 1003 δέ
335 967 365 1023 γε
379 947 482 1021 ἀγαθῶν
493 943 573 1004 όντων
583 943 682 1004 τούτων
695 944 734 1004 ἔτι
750 943 834 1025 φαμὲν
882 951 919 999 ui?
930 977 961 987 -
972 955 1034 1001 Aru.
1055 953 1102 1000 iios
1115 965 1172 998 sero
1190 950 1240 1011 iris,
1255 963 1316 1012 quos
1333 949 1409 1000 bonos
1420 965 1471 1001 esse
1481 951 1580 1013 damus,
1591 953 1665 1004 etiarn

8 1033 165 1110 λθθάμείνους
180 1023 249 1092 εἶναι
261 1032 306 1091 καί
316 1032 383 1091 πολὺ
394 1031 451 1099 τούς
466 1035 490 1091 ἀν
501 1036 539 1112 τῷ
550 1033 666 1113 μεγίστῳ
678 1032 786 1114 πολέμῳ
797 1057 836 1112 γι·
851 1046 867 1085 ii
882 1042 993 1090 meliores
1011 1039 1083 1102 idque
1102 1041 1180 1090 multo
1194 1053 1247 1089 esse
1262 1038 1365 1090 dicimus
1385 1055 1439 1100 eos,
1461 1041 1503 1104 qui
1522 1043 1546 1090 iu
1563 1043 1667 1093 nianimo

43 1123 184 1202 γινομένους
195 1121 315 1203 ἀρίστους
326 1124 465 1203 διαρανῶς.
476 1121 588 1194 ποιητλν
596 1122 622 1181 δὲ
632 1121 677 1181 καὶ
687 1127 761 1200 ἡμεῖς
770 1124 836 1204 μάρ-
882 1128 944 1178 bello
956 1143 1006 1192 prae
1015 1127 1384 1192 ceterisoptimossepraesleut.
1419 1132 1514 1192 poetam
1524 1132 1606 1181 autem
1625 1145 1667 1181 nos

43 1237 109 1293 τυροι
122 1211 237 1292 ἔχομεν,
249 1211 374 1288 Θέογνιν,
386 1210 496 1282 πολίτην
509 1215 561 1269 τῶν
576 1213 603 1269 ἐν
618 1211 727 1291 Σικελία
745 1216 835 1289 Μεγα-
880 1232 978 1280 quoque
990 1220 1075 1267 testem
1086 1219 1214 1279 hahemus,
1223 1220 1359 1282 Theognis,
1370 1220 1544 1283 Megarensium
1554 1221 1580 1271 in
1589 1221 1668 1272 Sicilia

43 1304 120 1381 ρέων,
131 1301 158 1368 ὅς
170 1324 235 1382 φησι
247 1301 345 1368 Πιστὸς
358 1301 422 1378 ἀνὴρ
434 1306 533 1380 χρυσοῦ
545 1325 573 1360 τε
583 1301 627 1360 καὶ
636 1299 748 1381 ἀργύρου
759 1303 834 1359 ἀντε-
881 1308 973 1366 civem,
988 1307 1030 1369 qui
1042 1307 1100 1356 dicit
1111 1327 1117 1356 ι
1128 1313 1191 1357 Auro
1201 1309 1274 1372 atque
1287 1313 1386 1372 argento
1400 1311 1563 1373 pensandum,
1578 1314 1668 1373 cyrne,

8 1407 29 1446 io
43 1392 176 1470 ρύοασθαι
185 1387 272 1458 ,Ἄξιος
284 1391 309 1448 ἐν
321 1391 442 1470 χαλεπῇ,
454 1389 551 1472 Κύρνε,
566 1389 731 1470 διχοστασίῃ.
745 1395 834 1450 τοῦτον
881 1397 964 1457 putato
978 1395 1001 1444 in
1019 1394 1071 1444 dira
1086 1395 1161 1445 fidum
1180 1397 1296 1448 seditione
1308 1399 1397 1448 virum.
1432 1400 1498 1449 lrunc
1516 1399 1588 1463 igitur
1601 1399 1668 1449 imr-

43 1481 76 1553 δή
94 1503 184 1562 ραμεν
209 1481 235 1538 ἐν
256 1479 366 1560 πολέμῳ
386 1479 567 1563 χαλεπωτέρῳ
591 1479 713 1558 ἀμείνονα
737 1479 833 1538 ἐκείνου
881 1499 976 1534 ruamus
991 1485 1014 1534 iu
1030 1485 1093 1535 lsello
1109 1487 1218 1547 graviore
1234 1489 1358 1538 meliorem
1381 1503 1408 1538 se
1427 1488 1467 1538 illo
1489 1475 1604 1552 prestere
1615 1503 1669 1552 per-

43 1571 176 1646 ποίμπολυ
192 1568 344 1649 γίγνεσθαι,
361 1569 454 1649 σχεδὸν
469 1567 528 1628 ὅσον
551 1568 664 1646 ἀμείνων
680 1567 831 1639 δικαιοσύνη
846 1558 865 1622 b
879 1574 973 1634 irruito,
988 1575 1036 1623 iere
1051 1575 1142 1636 quanto
1157 1575 1242 1625 melior
1258 1579 1294 1626 esi
1306 1576 1400 1638 iustitia
1421 1578 1446 1627 et
1466 1577 1626 1640 temperantia
1644 1581 1670 1628 et

44 1661 90 1720 καί
115 1659 274 1743 σωφροσύνη
290 1658 335 1719 καί
357 1659 481 1740 φρόνησις
498 1660 534 1726 είς
547 1660 639 1718 ταύτὸν
653 1661 761 1718 ἐλθοῦσα
778 1660 834 1735 μετ’
881 1662 1008 1726 prudentia
1028 1676 1075 1712 una
1093 1676 1151 1712 eum
1174 1664 1323 1716 tortitudine.
1356 1678 1412 1714 uem
1437 1664 1499 1716 fidus
1523 1665 1622 1729 quidem
1645 1669 1670 1716 et
1705 1693 1708 1698 ·

46 1751 176 1832 ἀνδρείας.
206 1748 297 1818 πιστὸς
313 1749 360 1828 μὲν
381 1749 432 1830 γὰρ
457 1749 501 1808 καὶ
522 1747 594 1827 ὑγιὴς
613 1752 638 1808 ἐν
653 1747 774 1808 στάσεσιν
789 1750 834 1807 οὐκ
881 1753 989 1801 sincerus
1011 1753 1036 1800 in
1059 1751 1215 1803 seditionibus
1232 1767 1282 1803 esse
1297 1769 1368 1805 nemo
1387 1755 1475 1818 poterit
1487 1755 1537 1805 sine
1554 1755 1667 1806 universa

9 1857 31 1896 rs
46 1841 77 1900 ἀν
89 1865 155 1902 ποτε
167 1838 268 1920 γένοιτο
282 1838 344 1898 ἀνευ
353 1837 491 1915 ξυμπάσης
505 1841 610 1919 ἀρετῆς·
622 1837 759 1905 διαδόντες
769 1839 791 1896 δ’
807 1828 835 1896 ei
882 1841 986 1901 virtute,
998 1841 1093 1890 torliter
1114 1844 1196 1892 eutem
1217 1842 1302 1904 pedem
1325 1841 1348 1890 in
1365 1842 1467 1892 statione
1479 1841 1577 1904 figentes
1594 1843 1620 1891 et
1635 1842 1669 1892 iu

46 1929 91 1988 καί
107 1928 258 2010 μαχόμενοι
277 1927 407 1994 ἐθέλοντες
420 1926 593 2004 ἀποθνήσκειν
605 1931 631 1988 ἐν
653 1932 690 2007 τῷ
705 1925 833 2010 πολέμῳ,
882 1932 1014 1994 pugnantes
1026 1931 1051 1980 iu
1061 1931 1138 1992 bello,
1151 1931 1230 1994 inquit
1240 1933 1364 1994 Tyrtoeus,
1376 1937 1403 1980 ut
1413 1930 1474 1980 mori
1486 1944 1534 1981 non
1548 1932 1669 1993 recusent,

46 2020 137 2099 φράζει
157 2015 304 2099 Τύρταιος,
323 2019 375 2074 τῶν
394 2016 558 2100 μισθοφόρων
581 2017 645 2092 εἰσί,
666 2016 834 2094 πάμπολλοι,
881 2020 995 2084 permulti
1015 2021 1219 2070 mercenariorum
1240 2020 1411 2083 inveniuntur,
1436 2034 1542 2083 quorum
1563 2020 1670 2083 plerique

47 2097 82 2168 ὧν
99 2110 124 2167 σί
145 2109 265 2166 πλεῖστοι
276 2103 410 2186 γίγνονται
425 2111 528 2187 θρασεῖς
546 2106 591 2165 καί
611 2106 695 2166 ἀδικοῖ
707 2107 752 2165 καὶ
765 2105 836 2187 θόρε·
881 2109 984 2160 audaces
998 2111 1022 2160 ei
1035 2111 1135 2172 injustos
1147 2111 1171 2160 et
1189 2111 1314 2174 protervos
1328 2111 1353 2160 et
1367 2111 1416 2160 iere
1435 2110 1543 2160 omnium
1556 2110 1669 2174 insipien·

47 2196 107 2255 σταλ
120 2195 167 2256 καλ
179 2193 470 2278 ἀρρυνέστατοισχεδδν
483 2194 707 2267 θπάντων,ἔκτδς
718 2194 835 2267 δήτινων
881 2200 986 2250 tlssimos
1013 2212 1065 2250 sese
1089 2199 1212 2264 prebent,
1234 2199 1360 2262 perpaucis
1385 2199 1529 2263 quibusdam
1554 2199 1668 2264 exceptis.

8 2297 34 2337 α)
47 2285 121 2362 μάλα
134 2285 242 2364 ὀλίγων.
255 2288 303 2344 ποῖ
317 2282 348 2356 δὴ
371 2287 481 2366 τελευτᾷ
491 2289 537 2343 νδν
549 2285 611 2363 ἡμῖν
625 2277 698 2352 οὗτος
720 2288 734 2344 θ
752 2285 835 2363 λόγος,
851 2303 868 2345 c
882 2303 954 2352 quem
964 2289 1037 2351 igitur
1046 2287 1120 2338 inem
1135 2287 1208 2337 hebet
1224 2287 1278 2337 iimo
1292 2289 1374 2338 nostre
1388 2288 1480 2350 oratio,
1496 2289 1521 2338 et
1536 2289 1595 2352 quid
1613 2292 1670 2341 tan·

46 2374 91 2434 ιιαὶ
111 2375 138 2434 τί
163 2372 274 2456 φανερόν
290 2396 354 2433 ποτε
368 2377 479 2444 ποιῆσαι
500 2373 634 2452 βουληθεὶς
653 2373 723 2452 λέγει
738 2379 836 2447 eadm
882 2379 937 2428 dem
956 2377 1151 2427 demonstratura
1165 2377 1219 2426 liaeo
1233 2377 1550 2427 commemoratinimirum
1565 2378 1670 2431 dubitari
1684 2411 1687 2416 ·

45 2466 135 2539 δῆλον,
158 2463 200 2523 ὅτε
214 2464 288 2536 τόδε,
303 2465 338 2529 ὡς
358 2461 455 2529 παντὸς
475 2466 575 2540 μᾶλλον
596 2463 641 2523 καὶ
653 2466 667 2522 ὁ
681 2464 742 2542 τῇδε
764 2461 837 2542 παρὰ
882 2481 930 2516 non
943 2480 1025 2530 posse,
1040 2468 1099 2529 quin
1110 2466 1185 2528 liujus
1205 2479 1301 2530 quoque
1315 2465 1417 2530 regionis
1432 2467 1592 2536 instructuse
1610 2471 1671 2520 tore

46 2553 107 2622 Διὸς
119 2551 262 2630 νομοθέτης
285 2560 336 2620 πᾶς
356 2575 401 2625 τε,
426 2544 456 2610 οὗ
472 2551 517 2622 eei
532 2552 642 2633 σμικρὸν
658 2552 766 2631 ὄρελος,
790 2554 838 2610 οὐκ
883 2556 1003 2618 legislator
1020 2557 1044 2606 et
1056 2555 1158 2618 quilibet
1175 2556 1287 2618 quamvis
1304 2555 1383 2619 exigui
1398 2555 1468 2619 prelii
1480 2568 1530 2607 non
1543 2557 1612 2608 aliter
1624 2572 1671 2608 un·

46 2643 121 2716 ἀλλο,
134 2641 152 2714 ἢ
164 2639 229 2722 πρὸς
240 2638 286 2712 τὴν
297 2640 424 2720 μεγίστην
438 2640 532 2720 ἀρετὴν
546 2640 662 2716 μάλιστα
676 2639 782 2721 βλέπων
796 2641 836 2699 ἀεὶ
882 2659 971 2710 quani,
984 2645 1027 2695 uisi
1040 2646 1173 2696 maximum
1183 2646 1298 2696 virtutem
1308 2645 1462 2709 potissimum
1472 2646 1601 2717 respiolens
1610 2648 1672 2712 leges

6 2737 29 2777 ²⁵
47 2730 122 2800 θήσει
146 2727 206 2796 τοὺς
228 2729 334 2807 νόμους·
358 2728 414 2788 ἔστι
429 2728 472 2806 δὲ,
493 2727 527 2796 ὥς
546 2752 609 2811 φησι
624 2730 748 2808 Θέογνις,
769 2728 835 2802 αὕτη
884 2737 977 2785 laturus
986 2735 1032 2797 sit;
1045 2736 1118 2798 atque
1128 2737 1210 2797 ea,ut
1219 2735 1340 2798 Theognis
1348 2736 1395 2798 eit,
1405 2735 1508 2787 tidelitss
1517 2739 1554 2788 est
1565 2737 1591 2787 in
1601 2738 1673 2788 rebus

45 2819 174 2890 πιστότης
186 2819 213 2876 ἐν
227 2819 280 2886 τοῖς
295 2821 404 2892 δεινοῖς,
417 2817 449 2890 ἥν
462 2841 501 2886 τις
515 2818 682 2891 δικαιοσύνην
699 2817 731 2877 ἀν
743 2817 835 2878 τελέαν
881 2825 976 2886 arduis,
996 2838 1070 2887 quam
1087 2825 1141 2888 quis
1162 2824 1282 2888 iustitiam
1304 2824 1436 2888 perfectam
1453 2826 1622 2890 appellaverim
1644 2841 1673 2878 ee

45 2907 216 2986 διορύσσων·
241 2907 274 2980 ἣν
298 2909 321 2966 δ’
348 2897 381 2966 αθ
413 2907 544 2988 Τύρταιος
569 2907 679 2987 ἐπῄνεσε
704 2907 834 2984 μάλιστα,
883 2919 957 2977 vero,
970 2927 1044 2977 quem
1055 2915 1167 2977 Tyrtaeus
1177 2913 1286 2965 laudarit
1299 2913 1414 2977 menime,
1427 2915 1528 2977 pulchra
1539 2915 1636 2978 quidem
1648 2919 1674 2968 et

46 2996 117 3068 καλὴ
144 2993 193 3072 μέν
208 2995 254 3056 καί
269 2995 338 3055 κατὰ
356 2995 446 3074 καιρὸν
459 2995 645 3074 κεκοσμημένη
668 3000 706 3076 τῷ
721 3001 834 3077 ποιητῇ,
880 3003 1672 3068 opportuneexornataapoete,niliiiotamenminusquartanu-

45 3086 163 3165 τετάρτη
179 3083 268 3162 μέντοι
279 3082 350 3162 ὅμως
365 3088 467 3165 ἀριθμῷ
479 3107 508 3143 τε
522 3084 568 3143 καὶ
580 3085 690 3163 δυνάμει
703 3091 749 3145 τοῦ
760 3087 836 3164 τιμία
849 3075 868 3140 d
882 3107 948 3144 mero
955 3095 979 3143 et
986 3091 1389 3156 pretiodignitetisessereotissime
1396 3093 1580 3145 dicetur-cn.
1590 3099 1611 3146 0
1621 3095 1673 3145 hos·

5 3191 28 3228 ro
45 3167 114 3234 εἶναι
124 3172 222 3252 λέγοιτ’
238 3173 269 3232 ἀν
283 3164 589 3254 operireve-iiiiii
602 3173 666 3246 ξένε,
678 3175 721 3234 τὸν
732 3176 837 3253 νομοθέ-
883 3196 936 3245 pes,
961 3182 1120 3244 legislatorem
1146 3184 1258 3233 nostrum
1280 3181 1407 3246 abjicimus
1429 3183 1460 3233 ed
1476 3184 1546 3247 longe
1570 3187 1675 3235 remotos

43 3287 94 3336 την
121 3266 200 3340 ἡμῶν
224 3265 412 3341 ἀποόάλλομεν
434 3265 469 3328 εἰς
490 3261 549 3330 τοὺς
569 3264 660 3345 πόρρω
684 3264 836 3341 νομοθέτας.
884 3271 1039 3333 legislatores.
1053 3275 1159 3322 -Αεεε,
1180 3274 1235 3322 lion
1255 3285 1299 3322 nos
1321 3271 1430 3336 quidem,
1456 3271 1493 3321 vir
1506 3273 1611 3336 optime,
1632 3274 1674 3324 sed

43 3388 84 3400 -·
101 3353 166 3413 ΛΘ.
181 3355 244 3433 Οὐχ
257 3356 334 3428 ἡμεῖς
347 3342 426 3430 γε,όι
441 3350 547 3432 ἄριστε,
570 3352 628 3410 ἀλλ’
638 3357 708 3430 ἡμᾶς
730 3354 838 3427 αθτοθς,
885 3361 1066 3424 nosmetipsos,
1079 3359 1408 3424 quandoputemusumnem
1420 3363 1445 3410 et
1459 3361 1631 3412 Lacedaemone
1650 3366 1674 3413 et

43 3443 108 3502 δτοιν
123 3441 243 3518 οἰώμεθα
255 3441 341 3502 πάντα
355 3442 389 3501 τοί
405 3443 429 3502 τ’
444 3444 471 3500 ἐν
483 3441 663 3520 Λακεδαίμονι
674 3443 719 3502 καὶ
732 3443 765 3502 τδι
777 3447 840 3525 τῇδε
861 3513 864 3518 ¹
885 3449 925 3498 irio
935 3448 991 3498 belli
1006 3449 1111 3498 maxime
1124 3449 1216 3498 ratione
1230 3447 1337 3498 habilae
1352 3451 1462 3512 Lycurgo
1476 3452 1501 3501 et
1515 3451 1595 3501 illiuoe
1606 3451 1675 3502 insli-

43 3531 111 3611 πρὸς
126 3530 295 3610 τδνπολεμον
310 3533 426 3608 μάλιστα
441 3531 585 3610 βλέποντας
593 3533 744 3614 Λυκοῦργόν
757 3557 784 3592 τε
795 3534 840 3593 καί
886 3539 964 3588 tutam
987 3550 1037 3586 esse
1057 3538 1136 3600 legum
1154 3537 1276 3587 lationem.
1291 3541 1376 3588 -cn
1394 3537 1440 3588 sed
1460 3538 1582 3602 quomodo
1594 3539 1674 3590 dicere

6 3637 31 3678 aa
46 3621 256 3683 Μίνωτίθεσθαι
264 3621 297 3680 τδι
306 3621 537 3700 νόμιμα-ΚΛ.
546 3621 586 3683 Ti
594 3620 685 3689 δέπῶς
693 3627 761 3704 χρῆν
771 3627 841 3700 ἡμᾶς
885 3627 1086 3677 debemmusi-
1097 3631 1157 3676 Aru.
1175 3627 1208 3676 ui
1233 3628 1258 3676 et
1274 3639 1358 3675 rerum
1367 3661 1375 3688 ,
1387 3628 1481 3689 opinor,
1496 3630 1521 3678 et
1533 3628 1626 3692 justum
1639 3633 1675 3679 est

44 3712 153 3790 λέγεινς
165 3745 207 3756 -
218 3713 282 3773 ΑΘ.
297 3710 348 3779 Ὦς
364 3735 414 3793 περ
427 3711 458 3770 τό
478 3735 507 3770 τε
528 3711 637 3785 ἀληθές,
652 3702 740 3790 οἶμαι,
755 3713 841 3772 καὶτὸ
886 3725 916 3775 de
932 3724 1014 3774 divina
1024 3737 1160 3775 sermonem
1173 3724 1288 3775 trabentes
1297 3725 1391 3788 dicere,
1404 3739 1452 3776 non
1468 3726 1499 3776 ed
1511 3727 1607 3778 virtutis
1618 3741 1672 3792 par·

44 3799 266 3882 δίκαιονῡπίργε
278 3801 347 3868 θείας
358 3801 767 3882 διαλεγομένουιλέγυν,υῦχύι
778 3804 986 3883 spirensium
1006 3821 1112 3883 aliquam
1137 3834 1239 3884 eamque
1254 3821 1399 3871 levissimam
1421 3821 1586 3886 respicientem
1604 3823 1673 3874 iilum

46 3893 144 3968 ἆρῑῑῆς
160 3914 187 3949 τῑ
203 3889 294 3972 μύρων
308 3889 353 3950 καὶ
369 3896 453 3950 ταῦτα
469 3890 498 3951 τὸ
511 3891 673 3973 pesitum
690 3893 766 3952 ἷῑῖθέῑ
782 3895 841 3974 illi·
889 3915 1034 3977 instituisse,
1044 3915 1085 3966 sed
1101 3916 1132 3965 ad
1146 3915 1284 3966 universam
1297 3916 1426 3980 virtutem,
1437 3918 1462 3967 et
1476 3916 1609 3967 monadum
1620 3931 1675 3982 spe-

46 4005 120 4054 'iffli
136 3979 209 4093 im?
227 3979 293 4090 “¹95⁶
306 3989 395 4040 πᾶσαν
411 3979 520 4060 dimili
537 3980 582 4087 κα]
602 3985 661 4040 κατ’
680 3980 736 4055 ῑίδη
757 3986 842 4056 (neeis
888 4011 937 4062 cies
951 4011 1071 4075 inquirere
1085 4012 1110 4061 in
1125 4025 1210 4062 eorum
1225 4012 1303 4076 leges,
1315 4026 1364 4064 non
1382 4015 1464 4065 tanim
1479 4014 1545 4076 illas,
1556 4027 1616 4078 ques
1633 4016 1675 4079 qui

5 4089 31 4126 ⁴⁰
47 4073 140 4130 αὐτῶν
155 4067 497 4150 i‘’liiii'liilliffi’&mil
510 4072 533 4128 Οἱ
546 4094 597 4128 των
610 4069 844 4154 νῦνῑίδθπθοτῑθέ·
889 4120 953 4156 nuno
967 4107 1092 4170 inquirunt
1104 4119 1238 4170 proponere
1246 4107 1292 4157 sibi
1306 4107 1398 4170 speeies
1410 4107 1496 4159 solent.
1530 4107 1676 4173 ouiusenim

45 4183 123 4238 lm
137 4161 272 4229 ζητοῦσιν·
289 4149 319 4217 Οὔ
332 4156 383 4238 iffi?
398 4157 430 4217 ἂν
445 4156 553 4226 ἕκαστος
573 4161 598 4217 ἐν
613 4160 688 4241 χρείᾳ
708 4161 843 4241 ΥίῬητ““’
889 4214 1012 4264 quemque
1026 4215 1084 4252 usus
1095 4200 1223 4263 admouet,
1234 4201 1258 4252 id
1272 4215 1338 4252 nuuc
1352 4201 1564 4268 adinquirendum
1575 4205 1621 4256 sibi
1634 4219 1677 4255 su·

45 4253 127 4308 τοῦτο
141 4251 215 4320 ζητεῖ
234 4252 278 4305 νῦν
294 4245 515 4328 παραθέμενος’δ
532 4245 579 4326 μὲν
592 4248 626 4307 τὰ
639 4251 699 4330 περὶ
713 4254 765 4310 τῶν
778 4252 844 4325 ’Μ’
889 4297 972 4358 munt,
986 4295 1025 4346 elii
1042 4310 1098 4359 quae
1109 4295 1139 4346 ad
1153 4299 1230 4349 sortes
1244 4298 1269 4348 et
1282 4297 1314 4348 ed
1324 4299 1393 4349 netes
1407 4299 1432 4348 ln
1445 4301 1551 4361 sortem,
1563 4299 1603 4351 alil
1620 4315 1677 4364 ques

45 4360 100 4415 ρων
113 4334 396 4416 καθέπεκλήρων,θδθ
408 4340 454 4408 τῆς
466 4335 554 4404 αἰκίας
566 4336 724 4416 πέρι,ἀλλει
736 4338 762 4398 δέ
776 4340 844 4400 ἀλλα
941 4391 973 4404 ..
1006 4390 1012 4402 .
1123 4391 1128 4404 .
1239 4393 1253 4406 ..
1295 4393 1301 4404 .
1365 4394 1370 4406 .
1461 4395 1466 4408 .

5 4425 116 4484 mm
126 4425 208 4506 μυρρα
218 4432 342 4485 τοιαῦτα.
353 4431 429 4504 ἡμεῖς
438 4425 465 4484 δ,
474 4450 561 4508 φαμεν
572 4418 637 4485 εἶναι
647 4428 743 4507 ὥπερ,
752 4429 844 4508 νόμους
857 4445 875 4484 a
888 4391 919 4441 ad
940 4404 1054 4497 injurtam
1068 4393 1202 4498 periment,
1215 4392 1254 4442 alu
1271 4393 1316 4444 alra
1328 4394 1468 4457 huiusmodi
1484 4397 1617 4504 sexcentae
1633 4411 1678 4504 nos

5 4529 30 4566 ,γ
48 4516 160 4592 ζήτημα
176 4519 228 4574 τῶν
241 4507 271 4575 εγ
284 4515 431 4587 ζητούντων
447 4513 542 4598 ὥςπερ
552 4521 597 4575 νῦν
610 4518 685 4595 ἡμεῖς
695 4517 841 4598 ἠρξάμεθα.
889 4499 946 4536 vero
955 4486 986 4536 de
995 4487 1088 4549 legibus
1100 4489 1258 4550 quaestionem
1268 4489 1298 4538 ab
1311 4493 1375 4540 recte
1386 4491 1551 4552 querentibus
1562 4492 1596 4542 rte
1610 4495 1676 4541 insli-

46 4605 95 4663 κα,
114 4609 162 4663 σοῦ
177 4603 226 4676 τὴν
241 4603 290 4682 μὲν
307 4603 472 4685 litigiipiiow
487 4609 533 4676 τῆς
554 4604 700 4684 ἐξηγήσεως
715 4609 845 4689 περγτοὺς
889 4583 925 4633 tui
940 4581 1132 4645 arbitramur‚ut
1150 4583 1440 4646 nunoanobisooeptum
1455 4586 1500 4635 est.
1516 4587 1541 4634 et
1559 4584 1675 4635 rationem

46 4692 148 4768 νόμους
163 4693 334 4752 παντάπασι,
347 4693 467 4771 ἄγαμαι,
482 4693 511 4752 r‘o
526 4693 576 4774 γὰρ
590 4695 638 4753 ἀπ,
653 4699 747 4776 ἀρετῆς
762 4697 842 4779 ἄρχε.
890 4677 1061 4740 illem,quatu
1071 4676 1102 4727 de
1111 4677 1203 4742 iegibus
1212 4691 1331 4741 exponere
1341 4677 1474 4739 conabaris,
1483 4678 1581 4728 omnino
1589 4677 1676 4742 uuio,

46 4789 110 4841 σθω
132 4781 259 4858 mom,
283 4785 318 4849 ὡς
341 4783 420 4842 3150„
442 4783 538 4856 wgm‘
559 4781 634 4843 pm„
657 4783 715 4852 wig
735 4784 844 4864 ,γμουχ
890 4785 947 4822 nem
969 4786 984 4822 a
1003 4773 1092 4824 virtute
1106 4774 1180 4825 ducto
1194 4773 1311 4837 principio
1330 4775 1402 4835 huius
1416 4774 1492 4836 gratia
1507 4774 1570 4836 leges
1588 4774 1619 4825 ab
1636 4775 1677 4826 illo

50 4869 145 4950 5?ng
167 4865 207 4927 g„
227 4869 254 4928 δὲ
276 4868 354 4930 πάντ’
368 4873 404 4938 εἷς
419 4871 510 4952 μόρων
533 4875 626 4950 ἀρετῆς
644 4874 689 4933 καὶ
712 4881 795 4935 ταῦτα
814 4877 844 4936 ,ὸ
889 4868 951 4917 letos
962 4866 1041 4917 dicere
1056 4869 1147 4918 rectum
1162 4869 1213 4930 σοῖς
1225 4868 1291 4933 quod
1301 4870 1384 4918 aulem
1396 4869 1478 4918 omnia
1489 4868 1519 4917 ad
1532 4869 1675 4932 particulam

7 4985 31 5017 :u
47 4957 230 5037 σμικρότατον
253 4959 450 5041 ἐπαναφέροντα
474 4961 566 5042 ἔφησθ’
585 4962 663 5023 αὐτὸν
683 4971 843 5042 νομοθετεῖν,
889 4961 1095 5024 virtutiseamque
1103 4962 1225 5012 minimam
1237 4961 1345 5012 retulisse
1353 4975 1410 5039 eum
1421 4962 1444 5010 in
1458 4960 1561 5012 terendis
1570 4961 1675 5025 dicebas,

46 5045 110 5105 οὔτε
122 5049 205 5127 ὀρθῶς
217 5045 256 5106 ἔτι
267 5071 311 5124 μοι
323 5050 471 5130 κατεφάνης
481 5050 575 5128 λέγων,
586 5049 630 5110 τόν
642 5076 669 5111 τε
682 5052 788 5134 ὕστερον
799 5062 843 5114 νῦν
889 5055 913 5103 et
924 5053 1061 5116 minusjam
1076 5057 1139 5104 recle
1153 5055 1175 5105 id
1186 5054 1333 5105 diceremini
1345 5056 1409 5106 risus
1421 5069 1459 5120 es,
1468 5060 1493 5108 et
1502 5043 1565 5108 hano
1576 5058 1608 5110 ob
1620 5073 1676 5108 cau-

47 5135 131 5214 λόγον
145 5140 235 5195 τοῦτον
246 5137 334 5197 πόντοι
345 5137 437 5219 είρηκοι
451 5139 494 5199 διδ
504 5146 599 5203 ταῦτα.
614 5142 694 5216 πῆδὴ
708 5137 752 5204 οὖν
765 5169 793 5206 σε
806 5147 843 5206 ἔτ’
890 5148 1214 5212 samlrunoomnomposlea
1224 5152 1454 5214 sennonemadjeei.
1488 5165 1593 5216 quanam
1604 5153 1675 5211 teitus

47 5225 81 5282 ἂν
92 5221 245 5303 ἐὸουλόμην
256 5227 404 5304 διελόμενον
420 5227 504 5308 λέγειν
517 5231 594 5300 αὐτός
609 5256 637 5292 τε
650 5234 768 5312 ἀκούειν,
782 5237 841 5316 βσύ.
855 5231 877 5295 b
891 5241 1008 5294 divisione
1023 5257 1094 5306 porro
1109 5244 1143 5292 uti
1161 5247 1184 5294 te
1200 5245 1225 5294 in
1247 5245 1392 5308 disputando
1405 5260 1501 5310 quaque
1514 5249 1621 5298 utentem
1634 5223 1677 5298 au·

48 5317 91 5372 λει
106 5334 149 5371 σοι
160 5315 264 5395 ρράζω,
276 5351 313 5361 -
324 5319 385 5379 ΚΛ.
402 5309 596 5387 divisionis.
609 5360 647 5370 -
658 5329 717 5388 ΑΘ.
730 5319 766 5388 Ὦ
780 5329 845 5410 ξένε,
892 5337 943 5388 dire
963 5339 1012 5404 ipse
1037 5340 1185 5405 maluissem,
1203 5343 1239 5394 vis
1257 5343 1300 5394 tibi
1321 5343 1501 5416 demonsiremi
1510 5375 1538 5388 -
1550 5347 1591 5396 cr..
1606 5345 1676 5398 Plana
