3864 5848
113 411 245 495 (ειηιιι.)
665 423 668 428 “
754 414 886 478 Lusus.
909 415 984 479 nlo.
1007 415 1076 480 vll.
1682 433 1738 485 391

112 543 219 628 γένοιτο
229 543 375 626 δνθρύποις
384 542 439 614 θιδς
454 543 695 626 cuicuiusmodi
708 543 778 628 ἡρως
788 537 842 616 οἷος
856 547 904 610 δυ·
918 571 936 615 c
949 554 1049 606 omnino
1061 553 1189 619 ducendo,
1201 567 1327 621 nunquam
1339 555 1476 610 lrornlnlhus
1487 557 1547 610 deus
1556 557 1598 610 iat
1607 561 1650 610 ant
1658 559 1741 624 genius

113 634 195 705 νατδς
216 634 360 717 ἀνθρώπων
384 633 537 712 ἐπιμέλειαν
561 633 609 694 σῦν
637 637 740 719 σπουδῇ
765 635 906 701 ποιεῖσθαι.
952 645 997 696 sut
1020 644 1105 707 heros,
1126 647 1168 710 qui
1186 645 1313 695 hominnm
1334 657 1418 697 coram
1437 650 1534 699 streone
1552 661 1634 712 gerere
1655 651 1740 713 possit.

112 726 216 785 πολλοῦ
229 726 253 785 δ’
267 726 301 785 δν
310 722 425 798 δεήσειεν
439 723 575 806 ἄνθρωπός
587 747 618 804 γε
630 727 696 794 θεῖος
703 725 825 805 γενέσθαι
838 726 907 806 μήτε
952 733 1058 784 multura
1068 736 1150 785 autem
1160 733 1246 797 aberit,
1255 735 1282 784 ιιι
1292 735 1468 786 laomodirinus
1477 735 1519 786 ilat
1528 737 1740 802 quinequeunnm

116 813 145 872 ἓν
162 811 231 892 μήτε
245 811 291 872 δύο
310 811 379 892 μήτε
400 811 462 895 τρία
477 810 540 891 μήθ’
554 813 622 883 ὀλως
641 813 720 896 ἄρτια
736 815 782 875 καί
797 815 908 897 περιττά
953 832 1032 888 neque
1050 822 1099 873 duo
1112 823 1247 887 nequetria
1259 835 1340 887 neque
1355 825 1380 874 in
1396 823 1536 875 universnm
1552 827 1618 889 paria
1629 829 1654 877 et
1667 827 1743 892 impe·

81 920 96 957 ιι
115 901 262 1015 δυνάμεγος
275 901 431 983 γιγνώσκειν
443 902 511 982 μηδὲ
526 903 645 984 ἀριθμεῖν
654 903 686 964 τδ
694 904 821 985 παράπαν
834 903 909 975 εἰδὼς
953 913 989 962 ιιι
1003 923 1148 975 cognoscere
1159 913 1233 976 possit
1246 925 1326 977 neque
1341 914 1440 964 omuino
1452 926 1579 965 numerare
1590 917 1649 966 sciat
1662 930 1742 982 neque

118 990 228 1071 μηδὶ’
199 1013 282 1052 νυκτα
293 1015 340 1052 και
329 992 456 1076 ἡμέραν
472 993 666 1075 διαριθμεῖσθαι
678 994 786 1063 δυνατδς
798 994 847 1069 ῶν,
860 1018 908 1056 σε-
952 1003 1050 1052 ιιοοιειιι
1061 1002 1087 1052 et
1100 1002 1164 1052 diem
1178 1003 1329 1052 numerando
1341 1001 1487 1066 distinguere
1505 1004 1578 1067 queat
1594 1006 1620 1055 et
1634 1003 1699 1056 lunae
1713 1019 1742 1057 aa

118 1080 202 1154 λήνης
217 1079 246 1141 δέ
258 1080 305 1141 καί
320 1081 397 1154 ἡλίου
407 1081 507 1142 καλ”
471 1105 523 1141 των
540 1080 630 1142 ἄλλων
644 1081 748 1167 άστρων
766 1093 909 1168 περιφορᾶς
953 1091 1009 1144 solis
1023 1091 1220 1155 reliquarumque
1231 1091 1356 1142 stellarum
1371 1091 1486 1143 circuitus
1499 1093 1625 1158 imperitus
1636 1095 1675 1145 sit.
1689 1095 1742 1145 hanc

118 1169 234 1282 ὀπρίρεος
252 1169 332 1251 έχων.
347 1175 414 1232 ταῦτ
415 1161 482 1230 ὀῦν
497 1167 582 1245 δὴ’
544 1195 633 1232 παντα
646 1174 683 1241 ῶς
696 1174 744 1250 μίν
758 1175 805 1234 σῦκ
822 1177 909 1253 άναγ-
922 1175 1024 1243 digitur
1036 1181 1117 1231 omnia
1128 1193 1177 1231 non
1190 1193 1243 1232 esse
1257 1182 1392 1236 necessario
1405 1182 1563 1246 disrnndaei,
1582 1183 1624 1247 qul
1638 1185 1687 1234 lere
1698 1197 1742 1235 cu·

117 1259 184 1322 καῖά
205 1262 261 1320 ἐστι
282 1258 483 1339 μαθήματσ”
446 1284 485 1343 τερ
502 1259 627 1340 μέλλοντι
644 1263 738 1343 σχεδὸν
752 1265 891 1324 ὁτιοῦν
856 1287 907 1324 των
950 1271 1088 1334 lusounque
1107 1271 1201 1334 generis
1220 1284 1302 1322 rerum
1324 1271 1542 1334 pulcherrimarum
1560 1272 1687 1323 solentiam
1711 1274 1743 1323 sit

74 1363 102 1404 ¹0
116 1347 268 1412 καλλίστων
280 1347 445 1427 μαθημάτων
463 1349 590 1430 εισεσθαι,
602 1351 689 1426 πολλὴ
701 1351 747 1412 καί
759 1350 847 1434 μωρία
860 1357 907 1412 τοῦ
954 1359 1096 1423 habiturus,
1108 1359 1148 1411 vel
1164 1359 1269 1424 cogitare
1284 1360 1354 1411 valde
1368 1360 1501 1425 insipientis
1519 1361 1569 1425 mla
1590 1362 1743 1426 quallarsro

118 1437 308 1550 διρνοήματος·
329 1439 393 1499 ποῖα
415 1436 443 1498 δὲ
465 1435 566 1500 έκαστα
586 1437 685 1500 τούτων
706 1464 751 1500 και
771 1443 843 1500 πόσα
862 1441 908 1501 καὶ
952 1449 1047 1512 singula
1067 1448 1156 1500 horum
1170 1451 1195 1500 et
1212 1450 1274 1513 quot
1288 1451 1314 1500 et
1329 1449 1427 1512 quondo
1448 1451 1474 1500 et
1492 1449 1607 1514 quidnam
1621 1463 1742 1513 quocum,

117 1527 184 1589 πύτι
203 1525 349 1607 μαθητέον,
370 1550 416 1588 και
430 1551 456 1586 τι
449 1525 539 1606 ’μιτδ
552 1527 637 1608 τίνος,
648 1529 695 1590 καί
715 1529 741 1590 τί
751 1553 816 1645 χωρ
817 1530 891 1599 λς
855 1555 908 1590 τιον
953 1537 1011 1602 quid
1022 1540 1159 1602 separatum
1174 1538 1286 1590 ιυειειιε
1302 1538 1361 1589 disci
1373 1539 1483 1603 oporteat
1493 1540 1519 1590 et
1530 1552 1578 1604 qua
1589 1539 1688 1590 omniuo
1702 1552 1743 1589 ra·

120 1617 220 1696 ἄλλων,
239 1615 286 1676 ιιαλ
299 1625 390 1676 πᾶσαν
410 1615 458 1690 τήν
475 1615 573 1677 τούτοιν
591 1627 697 1699 κρᾶσιν,
718 1622 817 1680 ταῦτ’ἐ
804 1620 874 1680 στίν
890 1619 908 1679 θ
952 1625 1019 1678 lione
1030 1624 1152 1678 miscenda
1165 1627 1227 1689 sint,
1242 1627 1268 1677 id
1285 1629 1343 1678 ente
1353 1627 1435 1678 omnia
1449 1632 1515 1679 recte
1525 1630 1683 1692 perspectum·
1698 1629 1743 1678 lra-

119 1707 160 1767 δεῐ
178 1705 296 1766 λαόὀντα
319 1708 401 1788 ὀρθῶς
420 1708 515 1787 πρῶτα
539 1708 583 1768 ἐπὶ
606 1700 693 1770 τάλλα
717 1709 789 1770 ἰόντα
808 1709 907 1771 τούτων
951 1717 1012 1767 bens
1026 1715 1155 1767 deindeed
1168 1715 1386 1780 reliqunaccedere
1403 1719 1428 1768 et
1446 1717 1534 1768 harum
1545 1716 1621 1768 ductu
1637 1716 1743 1780 discipli·

74 1809 102 1851 ra
120 1794 275 1874 ἡγουμένων
305 1796 357 1853 τῶν
388 1795 554 1873 μαθημάτων
578 1797 729 1876 μανθάνειν.
757 1797 825 1859 οὕτω
856 1797 908 1881 γθρ
952 1819 1040 1856 narum
1048 1804 1268 1857 discereeedebet.
1281 1806 1386 1858 itaenirn
1394 1807 1523 1858 necessitas
1532 1809 1619 1856 natura
1629 1805 1742 1868 obtinuit

119 1881 270 1964 ἂνάγκη’
236 1906 313 1965 φυσει
328 1883 497 1965 κατείληφεν,
514 1877 533 1963 ἡ
549 1889 635 1967 φαμέν
652 1885 747 1948 οόδάνσι
762 1891 827 1948 θεῶν
848 1885 1057 1958 coaequarum
1074 1894 1170 1944 nullum
1186 1894 1287 1945 deorum
1305 1908 1385 1959 neque
1403 1908 1468 1946 nunc
1486 1907 1593 1959 pugnare
1606 1907 1686 1958 neque
1697 1908 1744 1944 un·

120 1973 254 2085 μαχεσθαι
264 1972 342 2032 τδι
312 1996 358 2032 νυν
373 1971 432 2032 οὔτε
447 1973 591 2054 μαχεισθοιί
600 1999 674 2035 ποτε
687 2010 728 2023 -
741 1979 804 2039 ΚΛ.
816 1974 908 2038 Ἐοιιιέ
953 1996 1027 2048 quam
1046 1984 1211 2047 pugnaturum
1231 1997 1283 2035 esse
1300 1983 1413 2034 dicimus.
1436 2013 1466 2028 -
1482 1987 1526 2036 cn.
1544 1983 1664 2034 Videntur
1680 1984 1745 2033 certe

118 2084 164 2140 γε,
180 2087 202 2122 ω
183 2051 329 2136 Mlius,
300 2085 343 2120 νυν
356 2061 425 2121 ούτω
437 2085 492 2130 πως
507 2061 618 2144 ῥηθέντα
636 2065 716 2143 ὀρθῶς
729 2066 848 2145 εἰρῆσθαι
861 2064 908 2125 καί
953 2085 1009 2137 quae
1019 2071 1080 2122 ducrs
1081 2071 1197 2137 ‚‚lrospes
1206 2073 1302 2124 recte
1282 2085 1331 2135 ειο
1342 2076 1371 2124 ιιι
1382 2085 1449 2123 nunc
1458 2074 1524 2124 dlcla
1538 2074 1609 2136 runt,
1622 2073 1647 2124 et
1657 2085 1744 2122 secun

118 2147 189 2210 κατδι
202 2149 311 2232 φύσινθ
332 2149 426 2229 λίγεις.
445 2185 485 2196 -
499 2153 562 2214 ΑΘ.
581 2149 661 2233 Ἔχει
675 2152 723 2230 μέν
741 2151 841 2234 γδιρύ
811 2177 825 2214 ο
842 2177 908 2228 τως,
952 2159 1137 2211 damnaturum
1152 2174 1203 2212 esse
1217 2161 1290 2211 dicta.
1310 2187 1341 2199 -
1354 2164 1416 2213 λιιι.
1430 2164 1473 2212 Est
1487 2161 1584 2225 quidem
1598 2161 1648 2224 lla,
1662 2161 1744 2214 ocli-

75 2253 105 2292 20
118 2263 142 2298 ω
121 2228 284 2314 ῗΚλεινία,
300 2239 419 2320 χαλεπον
433 2238 461 2300 δέ
476 2239 545 2300 αύτδι
563 2239 761 2322 προταξάμενον
774 2242 909 2326 τούτῳτῶ
953 2248 1008 2310 ιιῑι,
1026 2247 1069 2300 sed
1087 2248 1186 2300 difficile
1204 2250 1266 2300 est
1258 2250 1289 2300 ris
1304 2249 1331 2301 in
1346 2249 1427 2301 fronte
1440 2250 1582 2314 positislroc
1595 2249 1668 2302 modo
1682 2249 1745 2314 leges

120 2327 212 2412 τρόπιρ
230 2333 394 2408 νομοθετεῖν·
414 2330 475 2388 ἀλλ’
498 2331 535 2397 εἰς
555 2329 645 2404 ἄλλον,
666 2331 689 2389 εἰ
709 2330 779 2390 δοκεῖ
785 2331 908 2413 ,χρόνον
954 2338 1031 2401 terrm
1050 2352 1134 2390 rerum
1158 2339 1184 2388 in
1203 2337 1280 2402 aliud,
1301 2339 1322 2389 si
1342 2339 1435 2402 placet,
1453 2341 1550 2403 tempus
1570 2340 1745 2390 accuratiorem

121 2417 277 2532 ὀκριύίστερ
278 2441 307 2480 ον
330 2416 363 2479 δν
386 2419 705 2498 νομοθετησαίμεθαμ-
728 2423 791 2484 llll.
817 2425 909 2490 Δοκεῖς
953 2426 1034 2491 legum
1047 2427 1163 2479 lationem
1177 2427 1372 2478 dilleramus-
1383 2430 1427 2479 cu.
1443 2427 1627 2492 Viderisnolris,
1640 2429 1742 2493 hospes,

119 2497 240 2620 ἡμῖν,”
219 2533 243 2568 οι
262 2507 335 2586 ξένε,
351 2507 487 2591 φούεῖαθαι
508 2508 592 2568 τδ
558 2532 605 2582 της
623 2507 754 2590 ἡμετέρας
774 2509 836 2590 περί
855 2512 908 2569 τῶν
953 2515 1039 2567 tlurere
1052 2518 1159 2567 nostram
1172 2516 1310 2579 huiusmodi
1324 2529 1406 2568 rernm
1413 2518 1686 2582 ,queamuetlsumus
1699 2516 1745 2567 irn-

120 2595 244 2656 τοιούτων
266 2596 387 2678 ἀπειρίας
407 2597 474 2665 ἔθος.
497 2595 694 2680 ούκουνόὀρθῶς
714 2597 803 2681 φοῦεῖ·
825 2602 908 2680 πειρῶ
953 2603 1073 2668 peritiam.
1094 2606 1120 2655 at
1137 2618 1187 2656 non
1201 2608 1268 2656 recte
1284 2605 1370 2670 times,
1391 2605 1667 2671 itaquedicereconare
1684 2605 1745 2656 nilrll

76 2705 106 2745 aa
120 2685 149 2746 δὲ
173 2685 258 2767 λέγειν
282 2684 364 2766 μηδὲν
384 2687 618 2768 ἀποκρυπτόμενος
629 2623 715 2748 ρἕνεκα
735 2684 845 2750 τούτων.
868 2721 909 2736 -
953 2693 1042 2743 nacae
1060 2707 1133 2743 causa
1154 2707 1272 2758 premens.
1294 2725 1325 2737 -
1346 2698 1409 2748 λιιι.
1422 2695 1508 2747 limen
1521 2694 1619 2759 quidem
1639 2698 1664 2745 et
1677 2694 1745 2757 haee,

66 2775 186 2838 erade.
202 2775 347 2855 Φσόσῦμαι
362 2775 409 2853 μέν
424 2777 470 2836 καὶ
484 2781 585 2849 ταῦτα,
600 2774 661 2836 tet
673 2781 717 2836 νῦν
729 2775 829 2856 λέγεις,
842 2781 911 2858 uitl-
923 2799 941 2841 a
952 2796 1010 2846 qnae
1022 2785 1050 2832 tu
1061 2796 1127 2833 nunc
1141 2782 1215 2846 dicis,
1228 2782 1271 2835 sed
1288 2783 1364 2847 magis
1375 2785 1449 2836 etiam
1465 2783 1520 2835 illos
1538 2771 1681 2846 relormldo,
1701 2783 1746 2849 qul

120 2867 167 2926 λον
181 2865 203 2926 δ’
220 2865 259 2926 ἔτι
274 2865 378 2926 δέδοικα
397 2865 458 2933 τοὺς
478 2864 612 2945 ἡμμένους
631 2867 679 2944 μέν
699 2868 786 2926 αὐτῶν
809 2866 908 2927 τούτων
953 2871 1085 2936 attigerunt
1101 2871 1199 2936 quidem
1215 2873 1259 2924 has
1277 2873 1341 2936 ipsas
1354 2871 1506 2938 disciplinas,
1519 2873 1563 2925 sed
1580 2873 1644 2924 male
1659 2873 1746 2937 attige-

121 2956 174 3014 τῶν
194 2954 372 3033 μαθημάτων,
393 2957 482 3024 κακῶς
503 2955 526 3013 δ’
545 2953 689 3034 ἡμμένους.
715 2956 832 3033 οὐδαμοῦ
856 2955 908 3038 γδρ
953 2965 1019 3012 runt.
1031 2963 1171 3026 neutiquam
1181 2961 1247 3013 enim
1261 2974 1392 3026 gravanea
1404 2963 1535 3014 vehemens
1547 2975 1593 3015 nec
1611 2963 1745 3014 ιιιιιΙιιιιιαι

122 3042 205 3104 δειιδν
219 3043 278 3104 soti
290 3042 401 3126 σφοδρὸν
413 3041 519 3122 αἰπειρία
531 3047 583 3104 τῶν
596 3043 702 3104 πάντων
713 3043 773 3105 siit
785 3043 908 3125 μίγιστον
954 3050 1045 3100 malum
1058 3052 1095 3101 est
1111 3051 1230 3114 imperitia
1242 3051 1367 3114 omnium,
1378 3051 1420 3102 sed
1432 3053 1509 3102 multa
1521 3053 1649 3116 expertum
1662 3065 1713 3102 esse
1722 3055 1747 3103 et
1858 3054 1861 3059 '

79 3147 109 3186 so
122 3129 213 3206 κακόν,
236 3131 295 3193 ἀλλ’
313 3136 332 3205 ἡ
350 3131 510 3214 πολυπειρία
524 3132 572 3194 καί
592 3133 746 3211 πολυμαθία
766 3133 834 3212 μετθι
855 3158 910 3194 οια-
954 3140 1033 3191 mulla
1051 3139 1162 3190 didicisse
1184 3153 1259 3204 presa
1278 3141 1430 3192 institutione
1450 3141 1574 3204 eliquanto
1598 3142 1678 3204 majus
1704 3140 1746 3192 illo

122 3224 172 3294 ιιὴς
190 3223 296 3301 ιἰγωγὴς
314 3221 432 3302 γίγνεται
452 3220 521 3282 πολὺ
535 3221 633 3283 τούτοιν
650 3223 744 3300 μείζων
758 3223 852 3302 ζημία.
869 3259 909 3270 -
953 3227 1070 3280 θιαιιιυιιι
1090 3231 1135 3280 est.
1151 3257 1183 3272 -
1201 3231 1245 3281 cn.
1264 3227 1453 3281 veredicis.-
1467 3235 1527 3282 Αιιι.
1543 3231 1648 3284 'lantiam
1669 3230 1741 3294 igitur

123 3313 186 3375 lin.
201 3311 299 3385 Ἀληθῆ
313 3310 408 3391 λίγεια
429 3344 470 3359 -
487 3312 550 3376 ΑΘ.
567 3311 672 3374 Τοσάδε
694 3313 779 3372 τοίνυν
791 3312 909 3373 ίκαστων
954 3318 1105 3383 singulorum
1127 3319 1234 3369 statuere
1253 3317 1371 3370 debemus
1389 3318 1530 3370 discendum
1553 3329 1605 3369 esse
1625 3319 1747 3383 ingenuis,

123 3400 175 3482 χρὴ
196 3402 277 3484 φάναι
293 3399 433 3479 μανθάνειν
456 3401 509 3460 δειν
529 3398 589 3469 τοῦς
609 3400 772 3481 ἐλευθέρως,
794 3401 844 3462 ὅσα
864 3399 910 3462 καί
954 3409 1074 3472 quantum
1087 3407 1159 3459 etlam
1176 3421 1305 3472 permagna
1320 3407 1346 3458 in
1357 3409 1460 3472 Egyplo
1479 3421 1609 3472 puerorum
1623 3407 1724 3458 turba
1711 3408 1744 3458 ai·

124 3489 265 3569 πάμπολυς
287 3491 314 3550 έν
329 3489 459 3572 Αίγύπτω
478 3488 578 3549 παίδων
596 3489 674 3570 ὄχλος
688 3488 746 3568 ἅμα
767 3491 910 3572 γράμμασι
921 3483 944 3550 b
954 3497 1006 3548 mul
1021 3510 1079 3547 cum
1094 3497 1181 3548 litteris
1193 3495 1271 3546 discit.
1286 3496 1393 3561 primum
1413 3497 1477 3547 enirn
1490 3497 1555 3560 quod
1570 3496 1600 3546 ed
1621 3500 1748 3561 eomputa-

83 3595 110 3636 ει
124 3577 260 3658 μανθάνει.
283 3581 386 3662 πρῶτον
406 3576 500 3658 μέν
472 3601 523 3660 γαρ
545 3579 605 3660 περὶ
629 3578 771 3658 λογισμοὺς
795 3581 911 3660 ἀτεχνῶς
955 3588 1046 3640 tranem
1058 3585 1155 3651 attinet
1167 3598 1195 3638 re
1205 3597 1263 3637 τετε
1277 3583 1374 3650 puerilis
1386 3585 1483 3636 inventa
1496 3587 1533 3636 est
1544 3583 1679 3648 fflsorplrua
1692 3597 1748 3650 qum

123 3664 215 3726 carelo
238 3665 396 3748 ἐξευρημένα
418 3665 581 3744 μαθήματα,
604 3666 672 3745 μετδι
692 3669 798 3736 παιδιᾶς
818 3691 847 3727 τε
864 3667 911 3728 καί
954 3673 1748 3742 ριιετιιίειιιιιιιιθοειιοιιιριεισιθιιιιιειιιι,θιειιιιιιιιιοιιειθιιο

124 3757 219 3828 ἡδονῆς
237 3755 387 3835 μανθάνειν,
400 3755 492 3835 μήλυιν
503 3753 534 3816 τέ
550 3780 629 3816 τινων
641 3756 764 3834 διανομαὶ
778 3756 825 3818 καί
847 3781 912 3819 στε-
955 3765 995 3817 ιει
1005 3763 1126 3816 ιιιειοιιιιιι
1140 3763 1295 3829 quorundam
1308 3766 1334 3814 et
1348 3761 1494 3816 coreitarum
1506 3763 1569 3814 inter
1578 3763 1660 3828 plures
1675 3762 1748 3813 simul

125 3844 214 3927 φάνων
225 3843 342 3905 πλείοσιν
359 3841 417 3923 δίμα
432 3842 479 3904 καλ
496 3845 632 3906 ἐλάττοσιν
655 3845 837 3928 ἁρμοττόντων
852 3849 910 3931 άρι-
956 3855 981 3906 et
992 3853 1130 3918 pauciores,
1142 3854 1168 3904 in
1178 3853 1267 3918 quinus
1277 3851 1372 3904 numni
1383 3853 1457 3903 iidem
1468 3853 1615 3904 conveniant
1624 3852 1748 3914 omnibus,

126 3937 198 4013 θμῶν
207 3938 259 3995 τῶν
272 3935 368 4007 αὐτῶν,
380 3930 426 3993 καί
437 3935 543 3993 πυκτῶν
555 3934 601 3993 καί
612 3935 766 3997 παλαιστῶν
778 3933 911 4019 ἐφεδρείας
955 3944 994 3995 rel
1009 3943 1119 4009 pugilum
1137 3945 1163 3995 et
1182 3943 1331 3994 luctatorum
1344 3942 1375 3993 ad
1395 3943 1571 3994 successionem
1589 3942 1614 3992 ia
1627 3943 1748 3993 certamen

82 4045 112 4086 ευ
125 4047 153 4084 τε
164 4024 210 4084 καί
222 4023 370 4095 συλλήξεως
381 4026 409 4084 ἐν
423 4022 498 4103 μέρει
509 4023 555 4082 κοιλ
566 4023 658 4107 ἐφεξῆς
669 4024 714 4085 καλ
730 4029 764 4095 ύις
774 4024 911 4108 πεφύκασι
955 4036 981 4085 et
998 4033 1028 4084 ad
1049 4033 1254 4098 comparationem
1267 4033 1367 4084 alternis
1383 4034 1409 4084 et
1425 4032 1538 4096 deinceps
1555 4033 1581 4083 et
1591 4034 1619 4084 ut
1639 4033 1689 4083 ieri
1708 4045 1749 4083 eas

127 4112 269 4192 γίγνεσθαι.
284 4111 331 4171 καλ
350 4110 383 4183 δὴ
406 4112 452 4171 καί
465 4109 603 4183 παίζοντες
624 4113 720 4195 φιάλας
741 4114 799 4194 ἅμα
812 4119 912 4197 χρυσοῦ
959 4123 1148 4174 consentaneum
1161 4123 1199 4172 εει
1219 4120 1346 4174 lnstllulae.
1367 4123 1420 4173 tum
1441 4120 1514 4194 etiarn
1530 4122 1593 4173 inter
1612 4121 1749 4172 ludendum

128 4200 172 4260 καί
192 4203 295 4281 χαλκοῦ
315 4199 361 4259 κοιλ
382 4198 497 4282 ὀργύρου
518 4200 564 4260 καί
581 4203 705 4262 τοιούτων
726 4207 803 4264 τινῶν
824 4203 913 4266 ἄλλων
928 4211 1155 4277 ephialasenreas,
1167 4224 1256 4273 aeneas,
1267 4214 1399 4275 argenteas,
1413 4211 1748 4275 aliasejmmodiperminlas,

127 4288 307 4370 κεραννύντες,
332 4291 357 4350 σί
378 4287 406 4349 δέ
427 4291 474 4348 καί
495 4289 558 4358 θλας
579 4312 635 4358 πως
654 4291 824 4364 διαδιδόντες,
846 4290 912 4375 ὀπερ
957 4301 1066 4353 alrrvero
1080 4300 1153 4352 etiam
1167 4300 1331 4364 impermixtos
1347 4299 1513 4362 aliquomodo
1528 4298 1638 4350 didentes
1651 4298 1749 4362 puerili,

128 4368 212 4456 εἶπεν,
227 4380 263 4446 εἰς
276 4379 384 4439 παιδιθιν
402 4371 605 4459 ὀναρμόττόντες
624 4378 721 4448 nde*
685 4403 737 4440 των
762 4380 912 4460 ἀναγκαίων
957 4387 1120 4450 utdicabam,
1131 4387 1190 4439 ludo
1200 4389 1388 4439 necessariorum
1400 4401 1558 4439 numerorum
1573 4400 1632 4438 usus
1648 4399 1747 4437 accom-

87 4492 114 4532 ιε
128 4471 244 4576 ἀριθμῶν
257 4466 365 4548 χρήσιος
376 4466 577 4548 ῶφελοῦσιτοῦς
590 4468 913 4546 μανθάνονταςιῖςτετδις
960 4479 1089 4530 medentes
1098 4482 1200 4544 prosunt
1218 4478 1366 4528 drsrentrbos
1376 4478 1406 4528 ad
1420 4478 1572 4528 exercituum
1585 4475 1750 4526 ordinationes
1836 4529 1847 4546 ,

128 4560 179 4616 τῶν
201 4556 387 4638 στρατοπέδων
405 4556 489 4626 τάξεις
509 4557 591 4617 καλ’
576 4557 682 4639 αγωγδις
707 4559 752 4618 καί
777 4558 914 4642 στρατείας
957 4569 1134 4633 ductionesque
1147 4567 1361 4631 clementiores,
1373 4566 1433 4617 item
1446 4566 1477 4616 ad
1490 4563 1525 4615 rel
1539 4563 1750 4614 iamrllarrsadmr

129 4645 173 4706 καί
187 4647 223 4713 εἰς
236 4635 433 4723 οῖκονομίαςῗ
399 4669 447 4719 oo,
460 4645 559 4706 κάλ’
521 4669 626 4716 παντως
638 4647 913 4729 χρησιμωτέρουςοιύ·
958 4657 1142 4720 nistrslionem,
1156 4657 1181 4707 et
1194 4653 1540 4706 omniuoulilioresslbimet
1532 4653 1631 4716 rpscset
1646 4650 1749 4716 uigilan-

128 4731 186 4802 τοῦς
205 4737 292 4802 αυτοῖς
309 4733 355 4794 καλ
377 4731 552 4815 ἐγρηγορότας
569 4736 724 4814 μᾶλλον
686 4760 746 4805 τους
765 4735 914 4819 ὀνθρώπους
958 4747 1032 4799 tiores
1047 4747 1158 4798 honines
1177 4745 1288 4796 reddunt
1302 4743 1416 4794 deinde·
1409 4755 1434 4793 ιιι
1452 4741 1615 4793 mansionibus
1628 4742 1750 4805 omnium,

129 4823 331 4905 άπεργάζοντοιι.
350 4821 418 4903 μετδι
432 4822 460 4882 δέ
474 4827 557 4883 ταῦτα
572 4825 656 4882 έν
610 4848 667 4892 ταις
682 4826 849 4906 μετρήσεσιν,
863 4826 914 4887 ὅσα
958 4849 1015 4901 qum
1034 4834 1196 4900 longitudines
1210 4835 1235 4884 et
1250 4831 1389 4884 latitudines
1403 4833 1429 4883 et
1445 4829 1584 4882 altitudines
1600 4828 1705 4893 lrabeat,
1720 4830 1751 4882 ed

87 4941 115 4982 ω
130 4913 184 4995 ἔχει
201 4913 275 4992 μήκη
291 4912 336 4973 καὶ
357 4911 445 4985 πλάτη
468 4910 514 4972 καί
533 4913 616 4994 βάθη,
628 4915 689 4996 περί
711 4916 815 4976 ἅπαντα
830 4920 914 4976 ταῦτα
926 4901 946 4966 d
959 4924 1266 4989 lraecomnlapertineatem
1278 4920 1474 4985 quandamque
1484 4919 1626 4971 naturaliter
1636 4918 1751 4969 inomni·

131 5002 238 5064 ἐνοῦσάν
261 5027 320 5061 τινα
344 5001 420 5084 φύσει
442 5001 548 5082 γελοίαν
570 5025 599 5062 τε
623 5001 669 5063 καί
692 5004 805 5086 αἰσχράν
824 5005 914 5065 άνοιαν
960 5016 1006 5066 bus
1020 5013 1157 5065 lromlnibns
1175 5011 1276 5073 insidet,
1296 5009 1423 5060 ridiculam
1442 5011 1467 5060 et
1482 5010 1579 5072 turpem
1591 5007 1751 5071 insipientiam

132 5095 158 5152 tu
180 5092 233 5161 τοῖς
260 5090 403 5171 ἀνθρώποις
425 5101 493 5150 πᾶσι
512 5089 611 5164 ταύτης
629 5094 853 5156 ἀπαλλάττουσιν.
876 5128 917 5141 -
961 5105 993 5155 ab
1002 5105 1048 5154 lrac
1059 5107 1146 5154 natura
1158 5100 1290 5164 depellunt.
1303 5103 1391 5151 -cn
1403 5101 1516 5161 Qualem,
1526 5111 1619 5162 queso,
1632 5100 1657 5148 et
1667 5111 1752 5161 quem·

133 5185 194 5244 ΚΛ·
207 5179 293 5243 Ποἶσιν
304 5181 336 5253 ὅθ
347 5181 392 5240 καί
403 5181 462 5240 τίνα
472 5180 556 5262 δὲγῑῑι
565 5180 678 5254 reorum
688 5215 727 5228 ··
738 5183 801 5244 ΑΘ.
810 5173 848 5243 Ὦ
858 5183 916 5264 φίλε
962 5206 1019 5244 narn
1033 5194 1095 5244 lranc
1104 5191 1180 5241 dicis?
1191 5216 1221 5228 -
1231 5194 1292 5241 λιιι.
1304 5194 1326 5241 0
1337 5189 1373 5239 mi
1382 5190 1471 5250 (llinis,
1484 5186 1591 5252 proiecto
1600 5189 1625 5237 et
1638 5185 1689 5251 ipse
1698 5199 1751 5237 sero

134 5269 256 5344 Κλεινία,
280 5271 434 5329 παντάπασί
456 5293 485 5350 γε
505 5269 559 5348 μὴν
577 5269 623 5328 καὶ
642 5269 719 5339 αύτδς
741 5271 854 5342 ἀκούσας
869 5271 918 5354 ὀψέ
963 5279 1091 5345 aliquando
1107 5280 1232 5344 comperta
1249 5293 1289 5344 re,
1301 5291 1357 5344 quae
1376 5279 1459 5328 nostra
1472 5281 1496 5328 in
1513 5277 1551 5326 lris
1566 5275 1673 5326 conditio
1690 5275 1752 5325 asset
