3846 5878
9 4327 11 4347 ¹
108 4327 146 4394 είς
160 4325 202 4385 ὐσ’
217 4326 324 4408 ἐρχεται
338 4328 419 4402 κακά,
433 4328 460 4389 τί
474 4352 515 4389 σοι
529 4330 665 4412 quiveram
681 4331 751 4390 ἀλλά
765 4332 898 4410 παύομαι,

106 457 231 536 (armeus.)
586 477 604 495 ·
813 448 1019 512 allocutis.
1669 458 1725 508 bbe

99 599 164 671 γοῦν
182 593 306 671 οὐδεμιᾶς
324 587 480 669 ἀλγηδόνος,
501 589 560 648 ἀλλ’
574 584 592 660 ir
607 585 639 646 δι’
660 583 759 646 ἔνδειαν
775 582 794 658 ή
815 607 891 665 περι·
937 557 1455 651 διιοεαεῖοειῖεαυλλαοιιεῖιαοΙοεῖίε,εοθ
1466 557 1726 656 aut'propterrnuigen·

100 681 206 762 ὐυγμθν
227 680 245 754 ή
267 681 365 747 θάλπος
385 677 404 750 ἢ
424 675 530 756 πληγήν
552 677 686 756 θδυνᾶται,
708 675 823 748 λαλῆσαι
843 672 890 752 μίν
937 681 997 732 tiam
1016 684 1062 732 aut
1074 681 1147 744 irigus
1166 683 1210 730 aut
1223 683 1311 731 ωεῖιιιιι
1326 683 1368 731 aut
1383 681 1476 745 plagam
1496 681 1604 731 dolorem
1623 683 1726 746 accipit,

99 745 178 831 όύπω
193 769 336 849 δυνάμενον
355 766 372 826 θ
392 764 510 848 πάσχει,
532 763 786 846 κλαυθμυριζόμενον
801 760 830 824 δέ
846 762 891 823 καλ
937 770 1047 822 nondum
1068 769 1182 834 loquendi
1201 783 1257 833 qua
1272 771 1373 834 patitur,
1392 771 1506 821 facultate
1522 770 1668 832 instructus,
1684 773 1726 824 sed

101 858 203 935 ταύτην
220 862 266 930 τῆς
287 855 500 938 δυσαρεστήσεως
514 853 577 933 μίαν
599 853 659 936 ἔχον
678 852 775 936 ρωνήν.
791 852 891 914 ὁπόταν
936 859 1140 924 vagiensetlranc
1152 872 1227 910 unam
1236 859 1382 923 agrimonia
1393 873 1477 910 vocem
1487 857 1584 913 itabens.
1596 862 1726 924 septimum

64 974 75 1007 ,ν
103 949 132 1009 δὲ
148 951 184 1018 είς
198 947 247 1022 τήν
271 945 412 1007 ἐπταετίαν
430 945 556 1026 ἀφίκηται
574 942 686 1012 πολλοὺς
704 941 797 1011 πόνους
817 943 892 1002 διαν-
937 949 1020 997 autem
1031 947 1111 998 etatis
1126 961 1219 998 annum
1231 947 1315 997 mullis
1332 947 1594 1000 laboribusexuntlrtia
1606 964 1727 1013 agressum

9 1069 11 1078 ·
100 1041 214 1109 τλῆσαν,
228 1035 392 1115 παιδαγωγοί
406 1033 451 1094 καί
462 1034 662 1114 γραμματισταὶ
672 1029 892 1114 καίπαιδοτρίύαι
908 1037 1034 1100 etyrauni
1048 1037 1175 1100 excipiunt
1188 1036 1327 1100 paedagogi,
1348 1036 1507 1100 litteratores,
1526 1038 1727 1090 exercitationum

100 1131 304 1209 τυραννοῦντες·
319 1122 503 1200 coinquinandi
523 1121 651 1204 κριτικοὶ,
664 1119 828 1202 γεωμίτραι,
844 1145 892 1180 τα·
937 1127 1060 1190 magistri;
1072 1127 1149 1189 magis
1159 1131 1301 1191 provectum
1317 1127 1405 1178 deiude
1420 1127 1513 1189 critici,
1532 1131 1677 1191 geometrae,
1694 1129 1727 1178 rei

101 1215 203 1288 κτικολ,
226 1212 293 1274 παλίι
318 1216 417 1286 πλῆθος
439 1214 583 1275 δεσποτῶν.
608 1211 713 1272 ἐπειδάν
734 1211 761 1271 di
779 1212 815 1279 εἰς
834 1208 893 1278 τούς
938 1214 1048 1266 militaris
1061 1218 1233 1281 praeceptores,
1251 1229 1338 1278 magua
1358 1215 1490 1266 multitudo
1504 1216 1668 1268 dominorum.
1686 1219 1727 1268 ubi

102 1301 217 1384 ἐρήύους
232 1303 367 1383 ἐγγραφῇ,
379 1302 425 1362 καλ
436 1300 514 1383 ρόύος
527 1300 624 1382 χείρων
638 1300 678 1374 ιίη
691 1299 785 1380 [leri]
795 1301 825 1360 τό
837 1299 893 1360 Ad·
938 1317 995 1354 vero
1009 1304 1108 1370 ephebis
1127 1304 1263 1369 adscriptus
1283 1308 1335 1366 est,
1346 1305 1379 1355 ibi
1394 1309 1419 1357 et
1438 1308 1520 1356 metus
1538 1307 1605 1370 pejor
1620 1307 1727 1369 aceedit,

69 1411 92 1449 ιο
102 1414 173 1451 κειον
188 1391 233 1451 καί
245 1391 395 1469 Ἀκαδημία
408 1391 454 1452 καί
467 1389 666 1472 γυμνασιαρχία
679 1388 724 1450 καί
740 1389 831 1472 ράύδοι
845 1387 891 1450 καί
905 1410 923 1452 u
937 1396 1044 1459 Lyceum
1060 1396 1085 1445 et
1095 1394 1226 1446 Academia
1245 1399 1270 1446 et
1287 1395 1404 1459 gymnasii
1420 1396 1563 1459 prreiectura
1579 1399 1604 1447 et
1618 1399 1692 1460 virgae
1704 1401 1728 1448 et

51 1484 195 1541 θδῖκακῶν
216 1480 355 1563 ἀμετρίαι,
376 1479 423 1540 καλ
440 1489 494 1548 πᾶς
517 1483 531 1539 θ
554 1485 599 1539 τοῦ
623 1477 795 1561 μειρακίσκου
815 1479 894 1548 πόνος
941 1484 1061 1534 malorum
1080 1484 1268 1547 immensitates,
1286 1484 1449 1535 etuniuersus
1470 1484 1641 1536 adolescentuli
1661 1486 1728 1536 labor

103 1570 176 1630 ἐστὶν
189 1569 240 1630 ὑπὸ
256 1569 435 1652 σωφρονιστάς
453 1569 499 1629 καλ
519 1569 567 1641 τήν
581 1567 625 1629 eat
638 1568 698 1638 τούς
710 1567 780 1638 νέους
792 1566 892 1651 αίρεσιν
940 1572 1064 1642 sublectus
1083 1576 1121 1625 est
1134 1573 1316 1637 castigatoribus
1327 1576 1352 1624 et
1365 1573 1396 1624 ab
1413 1575 1611 1638 Areopagitarum
1627 1575 1728 1626 consilio

102 1664 152 1733 τῆς
170 1659 196 1730 ἐξ
211 1659 310 1741 Ἀρείου
324 1659 409 1737 πάγου
426 1660 530 1739 βουλῆς.
542 1657 647 1718 ἀπιιδθιν
661 1657 688 1718 δὲ
704 1661 822 1741 ἀπολυθῇ
836 1660 895 1718 τού·
937 1663 1036 1714 delectis
1047 1664 1165 1727 juranum
1183 1667 1327 1716 rectoribus.
1346 1666 1454 1716 hisvero
1469 1666 1577 1718 solutum
1590 1668 1654 1717 illico
1668 1669 1727 1718 aab:

100 1771 168 1829 των,
188 1748 322 1830 φροντίδες
345 1747 467 1828 ἄντικρυς
491 1745 626 1808 ὑπέδυσαν
640 1747 685 1808 καί
708 1747 893 1828 διαλογισμοί,
938 1754 998 1803 eunt
1012 1767 1078 1804 curm
1092 1754 1341 1819 deliberatioueaqua,
1357 1769 1431 1818 quam
1453 1755 1555 1820 quisque
1569 1757 1626 1807 ulta
1638 1761 1729 1808 sectam

65 1857 90 1896 ιο
103 1837 163 1896 τίνα
176 1837 226 1912 τήν
241 1843 289 1898 τοῦ
306 1836 365 1917 βίου
380 1837 438 1896 θδθν
452 1839 637 1915 ἐνστήσονται,
659 1837 705 1897 καλ
718 1841 771 1905 τοῖς
787 1835 895 1919 ὕστερον
934 1839 971 1892 ‘sn
981 1843 1122 1905 secutnms,
1137 1844 1162 1893 et
1173 1857 1229 1906 ηοω
1243 1847 1326 1908 postea
1335 1844 1449 1894 accidunt
1461 1845 1532 1906 dura,
1543 1845 1573 1895 iis
1582 1846 1660 1910 prima
1671 1860 1729 1912 pue·

102 1927 231 2005 χαλεποῖς
245 1924 328 2009 ἐράνη
339 1925 373 1984 τθι
385 1928 478 2004 πρῶτα
488 1925 598 1984 παιδικά
612 1924 657 1985 καί
669 1925 769 1998 νηπίων
781 1928 816 1995 ὡς
830 1929 895 1999 ἀλη·
939 1931 994 1981 ritia
1004 1933 1029 1982 et
1041 1945 1099 1982 rere
1109 1932 1238 1984 infantium
1251 1933 1366 1984 terricula
1380 1934 1453 1985 luisse
1464 1934 1613 1998 intelligitur,
1631 1936 1729 2001 expedi·

102 2017 155 2083 θῶς
164 2013 298 2097 φόόητρα·
313 2014 449 2093 στρατεῖαί
459 2000 489 2074 τε
500 2013 552 2095 γάρ
564 2013 609 2073 καί
623 2012 764 2097 τραύματα
777 2015 822 2076 καλ
835 2038 896 2076 συν·
939 2020 1018 2072 tiones
1028 2021 1142 2073 videlicet
1159 2024 1184 2074 et
1201 2024 1302 2074 uulnera
1315 2025 1340 2074 et
1358 2025 1474 2074 contiuua
1485 2025 1625 2076 certamina.
1643 2026 1730 2077 deinde

102 2113 174 2186 εχεῖς
192 2109 299 2185 ἀγῶνες.
325 2097 383 2164 εἶτα
398 2104 476 2164 λαθὸν
501 2107 642 2178 ὑπεισῆλθε
663 2104 694 2165 τό
707 2110 805 2188 γῆρας,
829 2109 864 2175 εἰς
878 2104 926 2170 db
940 2110 1003 2160 clam
1016 2111 1126 2176 subrepit
1143 2114 1270 2176 senectus,
1285 2113 1310 2164 in
1326 2126 1400 2177 quarn
1416 2113 1496 2163 omnis
1512 2116 1607 2164 naturas
1624 2115 1691 2166 labes
1706 2119 1730 2166 el

102 2204 160 2253 πᾶν
174 2197 264 2278 συρρεῖ
276 2193 306 2254 τὸ
318 2199 364 2267 τῆς
377 2193 478 2276 φύσεως
490 2192 613 2272 ἐπίκηρον
628 2192 673 2253 καλ
697 2194 830 2263 δυσαλθίς.
845 2194 894 2256 κάν
940 2199 1073 2251 insanabile
1083 2213 1155 2253 omne
1165 2201 1364 2255 ooniluit.acnisi
1374 2201 1502 2267 quislnud
1511 2205 1654 2256 cunctanter
1663 2205 1731 2257 uelut

65 2282 144 2360 τομή
159 2307 199 2352 τις
211 2289 305 2343 θθττον
319 2287 355 2351 ὡς
367 2281 443 2363 χρέος
458 2283 575 2362 ἀποδιδῷ
588 2281 619 2341 τθ
630 2286 687 2364 ζῇν,
702 2285 738 2351 ὡς
751 2282 895 2344 ὐύολοστοί-
940 2289 1048 2340 debitum
1059 2291 1137 2342 reddit
1150 2293 1276 2356 spirltum,
1290 2293 1437 2344 ieneratricis
1451 2293 1527 2344 instar
1541 2297 1628 2344 natura
1643 2309 1730 2357 urgens

102 2397 144 2442 τις
156 2377 174 2447 ή
188 2373 265 2456 ρύσις
279 2375 410 2433 ἐπιστᾶσα
427 2370 577 2453 ἐνεχυράζει
597 2376 642 2430 τοῦ
657 2371 706 2450 μὲν
722 2371 791 2453 όψιν,
804 2379 851 2433 τοῦ
867 2373 896 2433 δὲ
941 2377 1026 2441 pignus
1039 2379 1104 2442 capit
1122 2379 1154 2430 ab
1167 2381 1216 2431 alio
1233 2382 1330 2445 τῖευιιι,
1353 2382 1385 2432 ab
1403 2383 1451 2433 alio
1468 2382 1623 2448 auditum,a
1647 2385 1731 2436 multis

105 2461 200 2538 ἀκοήν,
213 2463 342 2532 πολλάκις
356 2463 383 2522 δὲ
399 2461 488 2543 άμφω.
504 2459 554 2520 κδν
570 2461 690 2540 ἐπιμείνη
703 2487 757 2535 τις,
775 2463 895 2543 παρίλυ-
940 2469 1081 2531 utrumque.
1100 2482 1130 2518 ac
1140 2469 1161 2520 si
1172 2469 1227 2534 quis
1243 2470 1371 2534 perdurat,
1387 2485 1475 2523 neruos
1492 2474 1606 2535 resolvit,
1621 2473 1730 2524 membra

103 2550 895 2634 σεχξλωίήσατο,παρήρθρησεν,ἄλλοιπολλρήρωςᾱχμά.
941 2554 1065 2617 debilitat,
1080 2559 1195 2608 articulos
1211 2561 1287 2611 laxat.
1307 2559 1350 2610 alii
1372 2561 1479 2611 multum
1499 2563 1631 2612 senectutis
1650 2564 1731 2626 uigent

103 2645 179 2712 ζουσι
188 2641 235 2702 καί
248 2645 287 2722 τῷ
300 2644 338 2722 νῷ
352 2640 389 2708 δίς
401 2641 492 2708 παῖδας
505 2642 529 2700 οἱ
550 2641 669 2723 γίροντες
681 2640 823 2721 γίγνονται,
843 2641 896 2704 Καὶ
940 2645 965 2694 et
983 2643 1108 2696 intellectu
1122 2646 1184 2697 liunt
1204 2648 1269 2711 quod
1286 2648 1323 2699 bis
1339 2648 1391 2700 deri
1411 2663 1481 2700 senes
1497 2651 1523 2700 in
1539 2651 1667 2715 proverbio
1684 2655 1728 2702 est.

66 2751 93 2790 τε
103 2735 183 2791 τοῦτο
197 2727 243 2789 καλ
255 2731 278 2789 oi
293 2727 347 2788 θεολ
357 2731 409 2787 τῶν
425 2731 592 2808 ἀνθρωπείων
608 2729 795 2808 ἐπιστήμονες,
808 2729 851 2797 οθς
864 2731 896 2791 δν
940 2734 1157 2797 Atueeheeetiem
1169 2735 1202 2786 dii
1214 2750 1296 2787 rerum
1307 2739 1470 2790 humanarum
1481 2741 1548 2802 gnari
1557 2778 1564 2803 ,
1573 2743 1600 2790 nt
1609 2754 1732 2805 quemque

104 2818 168 2900 περί
177 2818 301 2879 πλείστου
314 2821 451 2896 ποιῶνται,
464 2822 557 2878 θᾶττον
569 2817 768 2879 ἀπαλλάττουσι
780 2825 825 2879 τού
839 2824 894 2900 ζῇν.
910 2844 930 2885 c
941 2823 1038 2887 plurimi
1048 2825 1155 2886 iaciunt,
1164 2827 1288 2877 celerinae
1299 2829 1349 2877 vita
1363 2828 1511 2880 subducunt.
1527 2830 1658 2892 Agamedes
1667 2834 1731 2881 certe

105 2906 259 2987 Ἀγαμήδης
266 2912 328 2988 γοῦν
342 2905 387 2966 καί
398 2910 423 2967 Τ
425 2906 559 2989 ροριίινιος,
572 2909 597 2968 οἱ
607 2907 760 2986 δειμάμενοι
769 2907 800 2967 τό
813 2910 896 2969 Πυθοῖ
942 2915 966 2962 et
986 2913 1153 2978 Tmplronios,
1173 2915 1215 2979 qui
1235 2916 1334 2979 Delphis
1353 2919 1471 2981 templum
1487 2917 1526 2969 dei
1542 2921 1731 2981 exstruxerunt,

103 3000 150 3055 τοῦ
163 2999 222 3055 θεοῦ
235 2995 357 3075 τέμενος,
366 2995 503 3073 εὐξάμενοι
516 2994 547 3055 σύ
562 2995 702 3077 κράτιστον
721 2998 809 3064 αὐτοῖς
821 2995 896 3074 γενέ·
941 3002 1045 3064 precati,
1062 3007 1091 3052 ut
1104 3003 1223 3067 optimum
1235 3004 1291 3068 ipsis
1306 3006 1469 3070 contingeret,
1487 3021 1573 3058 somno
1591 3009 1663 3073 sopiti
1682 3023 1732 3060 nou

106 3089 183 3159 σθαι,
196 3083 365 3159 κοιμηθέντες
378 3084 464 3143 οὐκέτ’
477 3084 633 3158 ἀνέστησαν·
646 3083 710 3145 οἵτε
723 3089 770 3157 τῆς
780 3085 897 3165 Ἀργείας
942 3095 1141 3155 ιοειιτιακιιιυιιῖς
1156 3093 1215 3144 itern
1236 3095 1332 3158 argium
1351 3097 1455 3146 iunonis
1471 3097 1621 3160 sacerdotes,
1643 3097 1733 3162 quibua

65 3195 92 3234 no
103 3171 194 3255 Ἥρας
203 3173 298 3253 ἱερεῖς,
309 3171 406 3249 ὁμοίως
416 3172 559 3252 εὐξαμένης
571 3175 658 3241 αὐτοῖς
679 3177 725 3247 τῆς
740 3173 838 3253 μητρὸς
851 3199 897 3252 γε·
941 3179 1052 3230 similiter
1067 3185 1095 3230 ut
1107 3182 1235 3245 praemium
1253 3183 1350 3248 aliquod
1368 3185 1464 3248 pietatis
1479 3186 1510 3236 ab
1521 3190 1618 3238 lunone
1636 3189 1731 3239 rontiu-

103 3262 196 3322 νίσθαι
208 3285 234 3321 τι
247 3267 294 3335 τῆς
308 3260 441 3330 εὐσεύείας
454 3261 528 3343 παρά
542 3267 590 3334 τῆς
600 3261 687 3345 Ἥρας
698 3263 789 3345 γέρας,
805 3264 896 3338 ἐπειδὴ
941 3273 1020 3331 geret,
1039 3273 1137 3333 precata
1150 3275 1203 3323 erat
1214 3274 1301 3335 mater,
1321 3286 1378 3323 curn
1398 3276 1546 3326 cessantium
1561 3277 1677 3340 jurarentis
1688 3278 1732 3342 ipsi

104 3356 153 3410 τοῦ
174 3350 279 3430 ζεύγους
299 3351 491 3432 ὑστερήσαντος
512 3351 651 3421 ὑποδύντες
670 3352 744 3412 αὐτοί
758 3352 896 3433 διήνεγκαν
939 3356 1025 3420 iugum
1037 3357 1158 3411 subissent
1175 3373 1278 3424 eamque
1297 3361 1323 3411 in
1345 3363 1463 3426 templum
1477 3363 1659 3428 perduxissent,
1677 3369 1732 3428 post

105 3437 189 3510 αὐτήν
203 3442 239 3507 είς
250 3439 298 3500 τύν
311 3438 387 3516 νεὼν,
398 3439 466 3518 μετὰ
477 3439 525 3514 τὴν
538 3439 620 3523 εὐχήν
631 3441 706 3500 νυκτί
718 3441 896 3518 μετήλλαξαν.
941 3463 1024 3513 preces
1032 3455 1104 3502 nocte
1116 3452 1147 3503 de
1158 3453 1209 3504 rita
1222 3455 1384 3507 decesserunt.
1398 3459 1508 3520 mugram
1522 3459 1559 3508 est
1568 3459 1656 3510 reterre
1667 3459 1733 3510 dicta

105 3527 219 3609 Μακρὸν
235 3526 267 3587 ἀν
282 3527 323 3603 εἴη
336 3529 458 3600 διεξιέναι
471 3529 506 3588 τθ
519 3533 571 3590 τῶν
586 3533 712 3605 ποιητῶν,
727 3529 752 3590 οδ
764 3529 930 3608 ποιήμασιά
945 3547 1087 3608 poetarum,
1111 3547 1153 3609 qui
1173 3548 1319 3599 carminibus
1337 3549 1495 3602 divinioribus
1515 3551 1594 3616 qualis
1619 3554 1650 3604 sit
1668 3557 1731 3616 alta,

67 3638 95 3678 δῦ
104 3615 241 3698 imiimi<
255 3615 289 3675 τθ
304 3618 365 3697 περί
379 3617 424 3676 τὸν
443 3616 498 3698 βίον
513 3619 715 3701 θεσπιῳδοῦσιν,
729 3621 764 3686 ὡς
784 3617 896 3679 aeneid·
941 3641 1041 3690 numine
1059 3639 1134 3691 ablati
1147 3645 1254 3705 canunt,
1274 3647 1303 3694 ut
1314 3645 1426 3695 miseram
1438 3659 1491 3696 eanr
1511 3647 1658 3711 praedicent;
1672 3663 1734 3713 quo·

106 3724 197 3782 imm*
211 3705 241 3763 τὸ
255 3708 316 3785 ξύν’
330 3702 385 3772 ἑνὸς
400 3705 427 3764 δὲ
440 3705 521 3784 μόνου
536 3706 897 3785 μνησθήσομαῑῖθῧάίῑθλθ·
942 3745 997 3782 rum
1019 3733 1195 3786 nniuslantum
1216 3737 1364 3788 mentionem
1388 3740 1476 3790 luciam
1493 3746 1629 3793 memoratu
1646 3744 1732 3810 dignis-

104 3791 239 3868 γωτάτου,
255 3793 375 3871 λέγοντος
387 3791 438 3861 Ὦς
455 3794 507 3874 γάρ
522 3795 708 3855 ἐπεκλώσαντο
723 3796 775 3856 θεοί
790 3800 898 3856 δειλοῖσι
942 3829 996 3878 ,imi

107 3885 237 3991 βθοῗθῖσῑν
253 3881 337 3944 miii
352 3883 515 3964 ἀλλὐμίνοῑθ
531 3886 576 3944 καὶ
594 3889 635 3947 οὗ
647 3884 696 3963 μέν
705 3885 734 3993 ξύ
749 3889 809 3945 '²⁰³'
827 3887 897 3945 ἐστὶν
943 3925 977 3973 Ut
988 3922 1076 3986 degant
1095 3924 1192 3986 tristes,
1206 3927 1230 3974 el
1241 3924 1304 3976 ltilril
1316 3939 1424 3990 unquam
1440 3940 1471 3977 ex
1484 3928 1597 3980 omnibus
1609 3943 1732 3981 aerumno-

104 3972 277 4052 ὀϊζυρωτιρον
299 3971 391 4052 ἀνδρός
406 3971 519 4033 Πάντων
536 3972 604 4033 όσσα
617 3998 646 4034 τε
670 3998 750 4054 γαιαν
772 3975 930 4040 ἐπιπνείειε
956 4015 961 4027 ·

315 4061 321 4079 ,
392 4061 401 4084 ,
481 4062 488 4081 ,
582 4062 588 4083 ,
720 4063 727 4082 ,
811 4063 868 4086 ,χ
942 4019 1143 4080 srusoet,quam
1152 4018 1207 4080 Vir,
1225 4032 1378 4084 quaecunque
1394 4033 1467 4085 supra
1487 4025 1580 4073 terram
1594 4023 1733 4087 spirantque

52 4068 135 4120 mn
147 4061 193 4118 καὶ
205 4058 288 4140 ἕρπει’
297 4083 342 4120 τον
356 4063 379 4120 δ’
397 4070 552 4143 Αμφίαραον
562 4087 588 4122 τί
599 4085 679 4144 φησιί
693 4065 747 4124 Τον
761 4087 896 4172 Μάγῳ
913 4091 930 4131 a
944 4112 1083 4172 meantque.
1099 4109 1130 4160 de
1138 4110 1285 4176 amphiarao
1296 4116 1380 4165 autern
1388 4113 1448 4178 quid
1464 4113 1539 4166 dturrr
1549 4115 1633 4178 AEgida
1642 4129 1732 4166 οοιιοιι·

105 4149 177 4232 φίλει
187 4149 254 4217 Ζεύς
266 4150 289 4209 τ’
304 4151 420 4232 αἰγίοχος
434 4150 480 4210 καί
494 4151 626 4212 Ἀπολλων
641 4152 758 4232 Παντοίη
770 4153 898 4235 ριλοτηά·

274 4237 282 4262 ,
576 4239 582 4262 ,
720 4241 726 4262 ,
866 4253 875 4262 ,
944 4204 1006 4254 tiens
1021 4202 1219 4269 lurncluppiler,
1236 4204 1553 4271 truncetbpolioblullum
1571 4208 1668 4271 dilexit,
1688 4223 1733 4260 nec

105 4234 437 4320 ommmpwwfflv'
446 4243 461 4299 ὁ
469 4239 496 4298 δὲ
508 4243 622 4300 mltum
635 4245 684 4302 ιον
695 4265 777 4324 ΨΜ
788 4249 899 4322 θρηνειν’
943 4311 999 4348 eum
1009 4298 1087 4362 attigit
1095 4311 1138 4348 ora
1144 4303 1257 4350 senectae.
1270 4301 1310 4352 ilie
1318 4315 1376 4352 vero
1385 4339 1391 4360 ,
1401 4304 1442 4367 qui
1451 4304 1522 4366 jubet
1534 4304 1625 4356 Deliam
1635 4317 1733 4356 nascen-

106 4414 212 4494 μήπω,
230 4415 304 4497 παρὰ
321 4415 369 4490 μγ,
383 4417 527 4500 ὑπόσχω,
549 4419 659 4498 mm
679 4420 726 4481 κα,
738 4420 833 4503 ,τίρων
852 4447 899 4499 μγ·
943 4393 1009 4453 tem,
1027 4392 1051 4442 iu
1067 4393 1128 4456 quot
1140 4392 1231 4444 incidat
1242 4395 1319 4456 mala,
1332 4396 1391 4460 quid
1406 4397 1450 4446 tibi
1469 4398 1580 4450 videtur?
1598 4398 1641 4450 sed
1662 4400 1733 4450 tinem

62 4523 88 4561 aa
107 4505 302 4584 temetipum·
329 4507 414 4567 Ποία,
433 4508 461 4566 δέ
483 4532 523 4576 „4
546 4509 667 4586 mm
689 4509 855 4584 γπηχδευσω
879 4512 898 4584 i
943 4485 1018 4590 lanio,
1032 4486 1137 4538 neforto
1151 4491 1249 4550 muira,
1269 4503 1343 4552 quam
1359 4491 1474 4552 promisi,
1491 4491 1583 4555 longior
1599 4492 1644 4543 sim
1660 4493 1733 4544 etiam

105 4591 204 4674 τέχνην
222 4594 251 4653 οὗ
268 4593 403 4677 μέμψετα,
420 4589 466 4655 ,αι
480 4600 534 4664 ,οἷς
547 4602 661 4676 mog„
673 4601 839 4678 χαλεπαπῑ,
853 4597 931 4670 ,γὼ
944 4579 1004 4630 atros
1020 4593 1222 4632 commemorans.
1240 4585 1295 4639 Quo
1308 4597 1366 4634 vero
1379 4584 1437 4634 vitm
1451 4597 1537 4647 genere
1548 4585 1669 4650 quispiam
1689 4590 1732 4637 aut

104 4679 316 4762 χμρωηαχῃχὰς
331 4681 481 4761 ἕπέλθωμμ,
492 4685 537 4744 ml
553 4684 716 4765 βωῦσους,
729 4687 901 4765 mmmm
945 4685 995 4736 qua
1005 4675 1141 4726 arteelecta
1151 4689 1199 4726 non
1209 4679 1325 4739 queretur
1334 4682 1436 4727 etsuam
1445 4680 1647 4741 sortemgrasiter
1658 4680 1734 4730 lereti

108 4771 141 4828 ἐκ
158 4768 250 4836 νυκτθς
260 4772 296 4837 εἰς
311 4770 394 4830 νύκτα
410 4772 455 4831 καλ
471 4772 546 4852 petr<
556 4774 739 4854 ποριζομένους
752 4774 786 4835 τὰ
801 4777 896 4842 ρππρ,
945 4765 1091 4830 vin’opiircia
1100 4771 1125 4818 et
1135 4772 1199 4819 artes
1210 4768 1345 4819 sellularias
1354 4769 1478 4834 adeamus,
1487 4771 1518 4822 de
1525 4773 1627 4824 nocteiu
1637 4777 1734 4824 noctem

9 4901 10 4906 =
110 4859 186 4931 διια,
198 4859 414 4940 κατοδυρομάνων
432 4885 462 4920 τε
475 4864 561 4922 αὐτῶν
582 4863 629 4923 καὶ
644 4873 734 4924 πᾶσαν
755 4881 900 4945 α’γρυπνιαν
946 4869 1081 4911 ”millia
1094 4865 1119 4911 θῑ
1135 4863 1178 4912 Vix
1189 4863 1321 4913 ”emilii
1336 4863 1381 4913 Sibi
1392 4870 1575 4929 minimum,
1586 4866 1644 4930 ¹lliii
1655 4870 1679 4918 θί
1698 4868 1733 4918 ¹³·

66 4969 95 5010 so
110 4947 342 5026 ἀναπιμπλάντων
364 4951 514 5032 ὐλορυρμού
535 4949 582 5012 καί
605 4953 742 5034 δακρύων;
766 4954 834 5014 ἀλλὰ
857 4955 900 5014 τὸν
946 4955 1110 5005 mentualibus
1128 4959 1153 5006 et
1165 4969 1251 5007 omnes
1268 4955 1399 5007 insomnias
1416 4957 1506 5020 eiulatu
1526 4959 1679 5026 lacrimisque
1696 4975 1734 5012 re-

109 5037 244 5097 πλωτικύν
265 5036 486 5116 καταλεξύμεθα,
512 5040 702 5123 περατούμενον
722 5042 765 5102 aa
788 5045 901 5104 τοσῶνδε
946 5048 1125 5112 plenlibusran
1138 5049 1303 5112 instigatorem
1317 5063 1497 5115 recenseamus,
1517 5054 1671 5119 totpen‘cula
1684 5059 1733 5106 tra·

9 5197 10 5200 γ
111 5124 238 5185 κινδύνων
249 5126 296 5186 καὶ
309 5126 388 5205 μήτε,
403 5131 438 5196 ὡς
451 5129 604 5212 ἀπερήνατο
617 5130 692 5206 Βίας,
707 5135 734 5192 ἐν
746 5142 800 5202 τοῖς
813 5139 901 5206 τεθνη·
943 5143 1065 5206 jiderrtem
1073 5147 1097 5194 et
1108 5157 1196 5208 neque,
1206 5147 1233 5195 ut
1242 5145 1294 5195 Bias
1305 5144 1447 5208 declararit,
1458 5147 1522 5198 inter
1533 5153 1643 5201 mortuos
1653 5163 1734 5214 neque

9 5242 14 5335 i

9 5534 14 5730 t

112 5213 189 5274 κόσιν
207 5213 272 5274 ὄντα
286 5215 353 5292 μήτε
369 5217 397 5274 ἐν
416 5217 470 5286 τοῖς
485 5222 600 5299 βιοῦσιν,
614 5224 629 5280 θ
647 5219 699 5304 γάρ
718 5222 830 5303 ἐπίγειος
851 5223 903 5282 ἀν·
947 5236 1010 5288 inter
1024 5237 1092 5288 viros
1106 5237 1269 5290 οευιοιιθιιιαῖ
1281 5251 1338 5290 nam
1351 5241 1424 5291 terra
1435 5239 1652 5294 destimtuslrorno
1664 5245 1734 5310 quasi

111 5307 215 5384 θρωπντ
235 5304 273 5370 ὥς
290 5301 417 5384 &leoffius
437 5307 515 5366 “iavit
535 5309 573 5376 eis
594 5307 625 5368 τὸ
646 5307 761 5388 πέλαγος
783 5309 899 5394 lepidast,
916 5310 1034 5395 c'anceps
1047 5331 1072 5382 in
1089 5345 1157 5382 mare
1173 5345 1200 5383 se
1214 5331 1331 5396 projecit,
1348 5335 1428 5384 totum
1443 5347 1470 5386 ιε
1489 5335 1551 5386 dans
1570 5337 1683 5389 ianuae.
1707 5341 1733 5390 at

1005 3864 1012 3889 ,
1027 3827 1069 3893 qui
1079 3828 1138 3879 dicit
1150 3848 1157 3880 ε
1169 3830 1365 3884 bicslatueredii
1380 3834 1473 3884 nriseris
1482 3835 1640 3898 mortalibus,
1651 3850 1732 3886 sevum
1810 3834 1813 3838 ’
