3846 5878
211 410 268 464 erc
894 395 1141 456 ιιιιιοιοιιοε.
1709 395 1831 474 (ωιτη

209 535 270 615 περί
290 525 326 593 ὧν
346 532 460 614 ἀπείρως
474 531 593 612 ἔχουσιν,
614 531 645 589 ού
665 529 717 610 γὰρ
732 529 764 602 δὴ
784 528 903 609 ἔμπειροι
926 527 996 596 ὄντες
1041 537 1115 586 sunt?
1127 535 1280 598 nequeenim
1293 537 1314 584 si
1328 533 1478 598 perdicum,
1493 548 1542 586 non
1554 538 1620 586 recte
1635 536 1765 586 remilium
1777 537 1833 588 dere

208 623 414 706 προαιρήσονται
428 619 612 698 ξυμύοολεύειν
626 619 663 696 μὴ
681 621 772 700 ὀρθῶς.
788 621 811 678 εί
828 619 850 677 δ’
866 609 898 677 αὖ
913 618 998 678 ταύτὰ
1043 627 1068 676 in
1082 625 1191 676 animum
1202 623 1325 674 inducent.
1340 625 1377 674 sin
1388 619 1471 675 nutem
1481 625 1544 676 idem
1554 625 1683 676 consilinm
1693 627 1766 688 dent,
1777 627 1834 689 quid

210 709 429 787 ξομόοολεύουσι,
440 711 465 769 τί
479 713 516 770 δεῖ
529 709 631 776 πάντας
641 707 735 775 αὐτούς
746 706 948 784 ἱομύουλεύειν,
962 699 998 775 εἷς
1042 729 1103 779 opus
1114 718 1151 766 est
1160 715 1219 764 dere
1231 727 1272 764 eos
1285 718 1385 765 omnes?
1395 728 1456 764 unus
1469 715 1533 764 enim
1544 729 1628 765 eorum
1639 715 1704 765 idem
1713 715 1775 765 dnus
1784 717 1833 764 sui«

210 801 261 881 γδιρ
277 803 363 860 αὐτῶν
375 800 408 859 τδι
423 798 491 859 cirri
507 797 690 876 ξομύουλεύων
705 798 792 865 ἱκανδς
813 796 896 858 ἔσται.
909 796 939 855 τδ
953 787 997 856 σύν
1043 805 1115 855 liciet.
1131 804 1222 855 talibus
1232 804 1306 867 igilur
1319 801 1432 867 studere,
1453 805 1541 868 quihus
1564 805 1649 868 prelici
1664 805 1723 854 nilrii
1746 807 1832 868 possit,

182 917 195 954 ε
209 896 319 948 τοιαῦτα
338 893 526 968 προθυμεῖσθαι
546 886 563 944 δ
585 887 659 946 οὐδὲν
677 886 809 966 προύργου
832 885 864 944 ἂν
878 885 997 965 γένοιτο,
1043 895 1126 958 quidni
1140 895 1268 945 ridiculum
1283 894 1331 946 siti
1345 908 1424 957 neque
1444 895 1517 958 igitur
1529 895 1698 958 imperitorum
1712 895 1833 956 studium,

210 983 265 1045 πῶς
278 981 307 1037 οὐ
330 981 430 1056 γελοῖον
443 999 451 1054 ;
466 965 533 1036 οὔτε
556 967 601 1036 σύν
622 981 640 1046 ἡ
659 981 711 1034 τῶν
735 976 848 1056 ἀπείρων
866 974 998 1055 προθυμία
1043 986 1091 1034 tnle
1104 985 1122 1034 si
1137 986 1187 1043 est,
1203 997 1251 1033 nnn
1267 983 1354 1046 poterit
1366 997 1417 1034 esse
1427 985 1572 1043 absurdum,
1587 997 1665 1048 neque
1675 983 1834 1046 prudentibus

211 1070 258 1128 οὐκ
272 1066 304 1127 διν
320 1068 416 1135 ἄτοπος
430 1068 470 1139 εἴη
489 1065 596 1136 τοιαύτη
609 1087 639 1143 γε
652 1056 732 1144 ούσα,
746 1065 804 1124 οὔτε
826 1065 950 1147 ἔμφρονες
966 1064 998 1123 διν
1044 1074 1093 1122 tnle
1101 1073 1208 1121 studium
1220 1086 1272 1122 esse
1284 1073 1385 1134 poterit,
1396 1086 1453 1122 cum
1466 1073 1542 1122 sciunt
1554 1074 1626 1122 etiem
1642 1087 1719 1123 unum
1730 1075 1833 1136 aliquem

212 1163 322 1217 τοιαῦτα
341 1155 540 1236 προθυμηθεῖεν,
563 1152 671 1226 εἰδότες,
685 1154 724 1212 ὅτι
742 1153 788 1213 καί
803 1143 838 1220 εἷς
859 1177 897 1220 τις
912 1155 998 1211 αὐτῶν
1012 1168 1030 1209 c
1044 1175 1128 1212 eorum
1139 1161 1204 1234 idem
1218 1174 1269 1210 esse
1278 1161 1439 1221 eileciurum,
1456 1161 1476 1210 si
1489 1161 1560 1211 modo
1571 1161 1619 1222 ite,
1630 1165 1659 1212 ut
1669 1165 1758 1225 peer
1767 1199 1774 1222 ‚
1783 1177 1835 1212 con·

212 1247 242 1305 τδ
262 1247 326 1307 αὐτὸ
347 1245 439 1324 πράξει
463 1241 647 1320 ξομόουλεύων
663 1266 692 1320 γε
714 1246 749 1308 ὡς
768 1240 907 1322 προσήκει.
931 1241 1000 1299 ὥστε
1044 1253 1124 1301 silium
1139 1250 1190 1301 det.
1211 1252 1293 1312 itaque
1315 1252 1438 1313 qunirnodo
1461 1265 1508 1301 non
1526 1251 1655 1301 ridiculum
1674 1252 1707 1300 sit
1727 1250 1833 1300 studium

175 1353 198 1392 iu
213 1340 268 1400 πῶς
282 1339 310 1393 οὐ
329 1335 428 1414 γελοῖός
448 1337 547 1405 ἐστινὴ
569 1331 703 1412 προθυμία
718 1335 769 1391 τῶν
791 1329 917 1408 οἰομένων
939 1334 999 1406 ύμῖν
1045 1354 1142 1402 εοιυιιι,
1158 1340 1279 1402 quincius
1296 1341 1423 1390 eonsilium
1436 1340 1543 1390 dandum
1558 1341 1713 1400 existiment,
1729 1341 1834 1390 inuenire

212 1424 406 1503 ῖνμύοολεύειν,
420 1427 449 1482 οὐ
468 1422 581 1498 δύναμαι
603 1426 695 1500 εὑρεῖν.
709 1425 733 1482 Τ
735 1422 748 1480 δ
770 1422 797 1480 δέ
811 1421 871 1500 περί
891 1425 938 1490 τῆς
949 1419 1001 1502 ψή·
1045 1443 1094 1480 non
1110 1443 1216 1494 possum.
1232 1430 1338 1479 lilnxime
1354 1444 1413 1479 vern
1427 1429 1457 1480 de
1473 1431 1602 1494 suffragio,
1617 1431 1684 1494 quod
1697 1431 1760 1480 ferre
1773 1431 1835 1492 cugi-

213 1537 275 1595 φου,
288 1506 319 1585 ἧς
332 1513 417 1596 φέρειν
428 1514 587 1584 διανοεῖσθε,
599 1509 623 1568 τί
636 1509 755 1586 δύναται,
769 1512 860 1591 ἀπορῶ
874 1510 1000 1585 μάλιστα.
1046 1519 1117 1578 tntis,
1128 1518 1187 1582 quid
1201 1519 1247 1568 sibi
1262 1519 1336 1579 velit,
1349 1518 1442 1568 dubito.
1460 1519 1546 1581 eunuid
1562 1519 1627 1568 enim
1644 1519 1749 1570 scientes
1760 1522 1837 1568 consi-

213 1605 321 1684 πότερον
340 1603 390 1682 γδιρ
407 1600 467 1669 τούς
482 1599 582 1666 εἰδότας
601 1598 787 1676 Ευμύσολεύειν
803 1599 919 1679 κρίνετε,
941 1600 1000 1657 ἀλλ’
1046 1610 1107 1659 lium
1119 1608 1349 1670 ‹iareJudicauseat
1359 1622 1408 1657 nnn
1420 1607 1499 1671 plnres
1511 1622 1560 1659 uun
1574 1609 1667 1660 debunt
1678 1622 1758 1672 neque
1770 1611 1837 1659 aliter

213 1693 372 1758 duritieve<
390 1691 444 1756 tvi<
464 1689 701 1767 ξυμόουλεύσουσιν
715 1689 774 1748 οὐδὲ
790 1688 875 1755 ἄλλως
891 1688 936 1746 καὶ
952 1687 1002 1746 ἄλ·
1046 1699 1164 1760 aliterque
1179 1697 1210 1746 de
1223 1696 1317 1746 eodem.
1335 1697 1417 1760 linque
1431 1696 1461 1747 de
1480 1697 1517 1746 iris
1531 1698 1593 1747 terre
1610 1698 1681 1748 vonis
1696 1699 1837 1760 sullrngium

177 1795 200 1832 ii
214 1783 265 1848 λως
278 1781 337 1860 περὶ
353 1786 397 1840 τοῦ
415 1781 511 1838 αὐτοῦ·
526 1777 593 1837 dicre
606 1777 667 1857 περί
679 1777 776 1854 τούτοιν
792 1775 839 1855 μέν
855 1776 902 1848 τὴν
916 1780 1003 1857 ψῆφον
1047 1799 1108 1850 ορυε
1127 1799 1175 1836 uun
1191 1785 1419 1849 erileiimperitos
1436 1786 1522 1847 etitn,
1536 1787 1838 1850 utunnnpnrtet,cnnsi·
1900 1825 1901 1828 ι

215 1871 299 1951 φέρειν
314 1873 382 1944 ὑμᾶς
395 1869 425 1926 ού
438 1867 537 1938 δεήσει.
554 1865 623 1924 dlii
640 1863 698 1932 τοὺς
713 1865 834 1946 ἀπείρους
848 1864 892 1924 καῖ
906 1869 941 1932 ύις
963 1862 1000 1941 μὴ
1015 1861 1108 1926 dlium
1127 1875 1212 1926 dentes
1229 1875 1357 1936 judicetis?
1375 1889 1406 1924 nn
1424 1875 1512 1926 iniibus
1535 1881 1563 1924 ut
1583 1876 1761 1927 insanientibus
1779 1879 1837 1927 nilrii

216 1961 253 2017 δεῖ
269 1955 490 2036 ξομύοολεύοντας
503 1955 619 2036 κρίνετε;
632 1954 651 2025 ἢ
663 1963 715 2022 τοῖς
726 1954 848 2021 τοιούτοις
863 1957 898 2022 ὡς
914 1976 1003 2031 μαινο·
1048 1965 1140 2015 consilii
1155 1965 1307 2014 committere
1320 1979 1364 2028 par
1381 1967 1433 2014 esti
1454 1965 1475 2014 si
1490 1978 1548 2016 vern
1569 1979 1647 2028 neque
1659 1967 1750 2030 peritos
1762 1980 1840 2029 neque

216 2047 303 2124 μένοις
325 2049 371 2107 οὗκ
390 2046 538 2126 ἐπιτρέπειν
562 2044 745 2122 ξομύουλεύειν
769 2043 911 2124 προσήκει,
934 2044 957 2102 εί
975 2042 1003 2101 δὲ
1048 2053 1173 2118 imperitos
1190 2054 1343 2117 indicabitis,
1364 2067 1481 2118 quosnam
1500 2055 1655 2116 indicibilis?
1680 2057 1739 2105 ente
1759 2057 1840 2104 omnin
1903 2059 1904 2080 ί

217 2136 284 2214 μήτε
297 2136 355 2203 τοὺς
370 2136 508 2216 ἐμπείρους
523 2135 589 2209 μήτε
610 2134 669 2201 τοὺς
685 2132 804 2213 ἀπείρους
824 2134 948 2213 κρινεῖτε,
965 2131 1005 2190 τί·
1049 2146 1131 2192 nutem
1145 2143 1312 2206 quidemninn
1324 2155 1385 2205 opus
1400 2143 1508 2194 estelios
1520 2145 1646 2193 consilium
1658 2144 1717 2194 dare
1728 2145 1812 2206 rubis,
1822 2146 1840 2194 si
1904 2133 1905 2136 ¹

177 2241 203 2276 ἐυ
217 2250 261 2293 νας
278 2227 405 2306 κρινεῖτε;
420 2224 505 2304 ἀρχὴν
522 2223 548 2282 δὲ
569 2223 594 2282 τί
609 2223 649 2281 δεῖ
662 2222 766 2288 πάντως
781 2221 874 2289 ἄλλους
893 2220 1004 2299 ξομύνο-
1049 2231 1080 2281 εδ
1092 2232 1149 2280 iniis
1159 2230 1288 2293 judicanda
1300 2231 1378 2282 idonei
1392 2232 1465 2281 estis?
1474 2233 1511 2282 sin
1524 2234 1605 2282 sutem
1616 2247 1663 2282 nou
1674 2233 1732 2282 enlis
1744 2233 1825 2282 idonei
1833 2269 1840 2292 ‚
1905 2221 1906 2232 ¹

217 2315 300 2373 λεύειν
322 2315 392 2394 ύμῖν,
407 2313 479 2392 εἴπερ
500 2313 594 2393 κρίνειν
609 2311 643 2372 rit
662 2317 770 2370 τοιαῦτα
784 2310 869 2369 ἱκανοί
891 2311 949 2369 ἐστε
957 2333 966 2382 3
982 2312 1006 2369 εἰ
1050 2320 1109 2383 quid
1120 2321 1192 2370 etiem
1207 2321 1320 2383 suiimgiu
1333 2323 1413 2370 vestra
1424 2321 1467 2370 sliri
1481 2321 1565 2371 volunt
1575 2325 1586 2371 θ
1597 2323 1640 2371 aut
1653 2321 1739 2384 quidni
1752 2321 1841 2370 ridicu·
1903 2341 1908 2394 ι,

220 2403 241 2462 δ’
255 2393 289 2461 ei
304 2402 340 2480 μὴ
356 2399 415 2460 ἐστί
429 2400 529 2472 ίκανοὶ,
543 2399 569 2458 τί
583 2400 628 2458 καί
646 2399 769 2457 δύνανται
790 2401 850 2475 ύμῖν
865 2401 892 2457 αἱ
906 2401 1004 2480 ψῆφοι,
1051 2409 1101 2458 lum
1122 2409 1155 2458 sit
1174 2409 1303 2458 convenire
1314 2409 1412 2472 quidem
1423 2421 1467 2459 ros
1479 2423 1528 2460 une
1548 2411 1743 2468 consultaturus,
1756 2412 1785 2460 ut
1801 2411 1842 2472 qni
1907 2399 1908 2404 ¹

216 2489 234 2561 ἢ
247 2495 302 2558 πῶς
316 2493 346 2548 ού
361 2489 460 2568 γελοῖόν
482 2491 537 2546 έστι
552 2486 720 2567 ξονέρχεσθαι
740 2487 786 2564 μὲν
801 2491 870 2564 ὑμᾶς
892 2485 1007 2564 ξομόσυ-
1051 2499 1152 2548 εΙὶοιυιυ
1167 2499 1341 2548 cunsullntioue
1358 2501 1446 2562 egentis
1457 2502 1482 2548 et
1498 2499 1541 2561 ipsi
1557 2513 1605 2549 ιιοιι
1624 2499 1677 2550 sitis
1688 2499 1785 2562 idonei,
1801 2500 1841 2549 ubi

218 2579 405 2656 λευσομένσος,
418 2582 454 2645 ὡς
465 2575 600 2653 δεομένους
613 2575 771 2653 ξομὸουλίας
785 2575 830 2634 καῖ
843 2578 892 2654 οὐχ
902 2575 1006 2642 ἱκανούς
1021 2588 1039 2628 θ
1053 2600 1110 2636 nero
1128 2587 1303 2647 wnveneritis,
1324 2587 1465 2649 suffragium
1483 2588 1552 2637 vobis
1567 2588 1692 2638 iereudum
1713 2591 1802 2651 putere
1816 2591 1844 2638 nt

179 2685 205 2726 νε
219 2668 294 2737 ὄντας
308 2668 415 2744 αύτούς,
430 2667 594 2736 ξυνελθόντας
608 2667 634 2725 δὲ
647 2665 746 2725 οίεσθαι
761 2665 814 2724 δεῖν
833 2665 1005 2747 ψηφίζεσθαι,
1052 2673 1248 2737 adiudicandum
1262 2674 1375 2724 idonens?
1387 2676 1540 2737 nequeenim
1554 2675 1688 2736 singulares
1699 2676 1759 2725 dnm
1771 2679 1842 2738 estis,

203 2761 254 2824 ,ὡς
265 2758 359 2836 κρίνειν
372 2755 476 2822 ίκανοδς
490 2755 580 2828 ὄντας,
597 2757 626 2814 οὗ
637 2753 687 2834 γδιρ
699 2753 731 2826 δὴ
746 2757 804 2813 καθ’
816 2752 862 2814 ένα
878 2753 924 2830 μὲν
937 2754 1008 2822 όντες
1053 2779 1100 2814 non
1112 2766 1190 2825 scitis,
1201 2765 1242 2814 irbi
1255 2777 1312 2813 vero
1324 2763 1477 2825 convenistis,
1490 2764 1648 2826 intelligentes
1657 2767 1789 2828 exsistitis3
1800 2779 1843 2816 nen

219 2849 267 2907 οὐκ
281 2845 383 2916 οἴδατε,
402 2843 563 2914 ξυνελθόντες
577 2843 604 2902 δὲ
621 2845 742 2924 φρόνιμοι
757 2843 888 2922 γίγνεσθε·
905 2843 958 2904 οὐδ’
974 2834 1008 2902 ed
1053 2867 1136 2903 rursus
1156 2853 1260 2916 separati
1279 2853 1387 2908 lucretis.
1403 2865 1450 2902 une
1468 2866 1526 2902 vern
1537 2854 1656 2916 congressi
1675 2868 1724 2905 nnn
1738 2856 1843 2918 emplius

219 2936 274 3016 ἰδία
289 2933 337 3011 μέν
354 2935 487 3009 ἀπορεῖτε,
501 2931 617 2999 ἐλθόντες
630 2931 658 2990 δὲ
675 2935 709 2998 είς
722 2932 752 2992 τὸ
767 2932 830 2991 αὐτὸ
840 2932 927 2991 οὐκέτι
940 2937 1006 2993 cirre·
1053 2944 1162 3004 lucretis,
1175 2943 1216 2992 sed
1230 2943 1280 3004 jnnr
1298 2943 1430 3005 perspicere
1442 2942 1556 3004 potestis,
1569 2956 1625 3005 ques
1642 2944 1711 2993 robis
1735 2943 1842 2994 iacienda

222 3033 302 3106 peirn,
327 3023 384 3080 ἀλλ’
410 3021 496 3081 ἱκανοί
520 3021 638 3100 γίγνεσθε
663 3021 779 3103 ξονορῖρν,
801 3030 862 3082 ποῖα
887 3021 1007 3101 πρακτέα
1052 3033 1115 3093 sint,
1128 3032 1224 3095 idquen
1239 3031 1333 3081 nemine
1344 3031 1421 3080 mucii
1432 3032 1599 3095 neque,qund
1610 3032 1720 3082 omnium
1733 3035 1844 3096 gravissi·

181 3133 208 3172 un
221 3111 291 3171 ἐστίν
303 3113 376 3187 ύμῖν,
389 3110 435 3169 καὶ
448 3114 531 3169 ταῦτα
544 3111 607 3188 παρ’
619 3110 719 3177 οὐδενὸς
732 3108 856 3187 μαθόντες
869 3111 922 3169 οὐδ’
934 3110 1009 3169 αὐτοὶ
1055 3134 1123 3170 mum
1133 3121 1184 3180 est,
1199 3121 1244 3183 ipsi
1260 3121 1369 3170 assecuti.
1385 3132 1464 3183 neque
1479 3121 1543 3170 enim
1562 3120 1581 3170 si
1598 3134 1642 3181 ee,
1661 3135 1718 3184 quse
1737 3122 1844 3171 iacienda

222 3199 349 3281 εὑρόντες,
373 3195 390 3256 ὅ
410 3201 465 3258 ἐστι
482 3197 627 3258 δεινότατον
651 3198 785 3258 ἁπάντων.
805 3201 833 3258 ού
850 3198 900 3280 γὰρ
923 3198 955 3270 δὴ
972 3197 1009 3276 μὴ
1054 3212 1126 3269 sunl,
1141 3209 1273 3272 perspicere
1285 3221 1333 3258 non
1345 3209 1459 3272 potestis,
1472 3208 1502 3258 ed
1514 3209 1672 3271 iudicandum
1685 3209 1765 3260 idonei
1780 3211 1845 3260 erilis

170 3287 359 3366 θὸἳδονοίμενοί
372 3309 402 3367 γε
418 3285 525 3367 ξονορᾷν
543 3285 559 3343 il
574 3285 705 3367 πρακτέον
721 3285 790 3360 ἐστὶ,
815 3288 910 3367 κρίνειν
924 3289 1010 3348 ίκανοῖ
1025 3309 1041 3347 a
1054 3313 1119 3358 eum,
1130 3299 1172 3361 qui
1183 3297 1449 3348 recledeiisdnirobis
1458 3299 1593 3348 consilium.
1602 3312 1680 3361 neque
1690 3298 1750 3349 iliud
1762 3313 1845 3350 rursus

222 3377 311 3436 έσεσθε
333 3375 376 3434 τὸν
400 3377 481 3455 ὀρθῶς
504 3373 711 3447 ξομόονλιύοντα
734 3376 795 3456 περί
815 3375 913 3435 τούτων
937 3378 1008 3452 ύμῖν.
1054 3388 1118 3437 dicei
1130 3401 1192 3436 riuus
1205 3386 1316 3436 iiiednns
1330 3385 1548 3446 nobiscnusilium‚
1561 3385 1689 3436 docturum
1708 3400 1791 3437 sevos
1803 3401 1844 3446 ee,

222 3466 276 3527 οὐδ’
288 3458 322 3524 ei
333 3464 408 3525 τοῦτό
419 3487 449 3544 γε
464 3466 518 3544 ἐρεῖ
531 3455 566 3531 εἷς
580 3461 616 3523 ὢν
630 3469 645 3524 ὁ
657 3463 839 3542 ξυμόονλεύων
862 3467 923 3545 ύμῖν
937 3457 1009 3534 οὗτος
1054 3489 1109 3539 quim
1119 3475 1228 3525 iacienda
1237 3478 1294 3525 sunt
1304 3475 1384 3534 uobis,
1394 3478 1419 3523 ei
1425 3474 1533 3535 judicare
1542 3475 1680 3525 melevnbis
1689 3477 1714 3526 et
1723 3489 1774 3524 non
1782 3476 1845 3525 mnle

185 3573 211 3613 :it
223 3558 290 3634 ὑμᾶς
302 3553 421 3626 διδάξειν,
436 3551 454 3610 ἃ
468 3552 598 3633 πρακτέον
612 3555 673 3631 ύμῖν
687 3553 758 3628 ἐστὶ,
776 3555 822 3613 καί
834 3555 930 3634 κρίνειν
951 3556 1010 3623 τοὺς
1054 3565 1181 3615 consilium
1191 3565 1289 3626 dentes,
1299 3568 1349 3615 inm
1359 3564 1425 3614 brevi
1435 3569 1543 3628 tempore
1552 3568 1651 3627 temque
1662 3564 1761 3614 multus.
1772 3568 1845 3628 nique

222 3649 309 3711 κακῶς
327 3642 425 3719 καὶμὴ
445 3641 669 3719 Ευμὸονλιύοντας
689 3647 762 3721 ύμῖν,
778 3641 859 3711 οὕτως
882 3647 908 3704 iu
930 3644 1009 3726 ὀλίγῳ
1054 3653 1427 3716 irocnunminusgrnue‚quem
1440 3653 1515 3716 iilud,
1531 3653 1720 3703 existimandum
1735 3653 1843 3704 ridetur.

222 3733 309 3814 χρόνῳ
322 3732 367 3792 καί
382 3731 458 3799 ὄντας
470 3730 617 3798 τοσούτους.
632 3737 709 3791 τοῦτο
722 3731 750 3791 δὲ
763 3732 861 3792 ἐκείνου
876 3735 949 3793 οὐδὲν
963 3727 1010 3806 ἧτ-
1054 3745 1074 3794 si
1085 3757 1142 3794 uere
1151 3757 1229 3806 neque
1239 3746 1372 3793 cenventus
1382 3757 1460 3806 neque
1472 3743 1504 3804 is,
1515 3743 1557 3805 qui
1570 3742 1638 3792 vobis
1649 3743 1845 3804 consiliumet,

225 3847 269 3882 τον
283 3821 314 3882 ἂν
333 3823 424 3902 φανείη
440 3821 522 3880 δεινὸν
543 3820 581 3881 όν.
603 3823 626 3880 εί
640 3823 667 3880 δὲ
683 3822 745 3899 μήθ’
759 3826 775 3894 ἡ
796 3821 899 3890 ξύνοδος
920 3824 981 3901 μήθ’
996 3827 1010 3882 d
1055 3833 1085 3884 nd
1095 3833 1254 3894 indicendum
1264 3833 1363 3884 idoneos
1375 3832 1519 3894 inereduli,
1529 3833 1584 3896 quis
1594 3833 1662 3881 robis
1676 3847 1735 3883 usus
1747 3837 1785 3883 cst
1795 3835 1846 3884 sul·

225 3910 410 3990 συμόουλεύων
424 3914 484 3989 ύμῖν
496 3909 600 3978 ἱκανοῖς
611 3911 707 3991 κρίνειν
718 3918 786 3972 ποιεῖ
797 3907 874 3990 ύμδς,
885 3911 924 3980 τίς
933 3913 1010 3992 χρεία
1056 3923 1200 3985 irngiorumi
1210 3925 1253 3972 nui
1262 3921 1437 3985 quomndnnon
1451 3924 1541 3984 pugnet
1552 3925 1686 3972 conventus
1698 3925 1779 3973 vester
1789 3937 1846 3973 enm

184 4020 213 4059 su
226 4006 277 4061 τῶν
292 4001 386 4082 ψόφων
401 4001 469 4059 ἐστὶν
484 4005 564 4078 ipsiu
580 3999 596 4072 ἢ
611 4005 667 4069 πῶς
685 4003 732 4060 οὐκ
747 4004 936 4074 ἐναντιοῦταιὴ
952 4000 1010 4071 ξύν·
1055 4013 1208 4074 suilrngiiset
1218 4013 1329 4074 sulirsgin
1339 4025 1395 4061 erun
1405 4025 1500 4073 eorum,
1509 4011 1551 4073 qui
1563 4011 1632 4060 robis
1641 4010 1846 4074 consiiiumdnut,

226 4091 283 4156 οδσς
295 4092 367 4164 ὑμῶν
385 4096 440 4154 ταῖς
453 4087 548 4168 ψήφοις
567 4089 613 4148 καί
627 4092 654 4150 αἱ
677 4093 804 4172 ψῆροιτῇ
822 4095 874 4151 τῶν
898 4089 1043 4169 {ugindne-b
1057 4101 1152 4150 studio?
1166 4102 1300 4149 conventus
1315 4099 1380 4148 euim
1392 4101 1470 4148 nester
1484 4100 1521 4148 est
1537 4102 1663 4162 umquam
1680 4111 1729 4148 nnn
1748 4099 1847 4149 idoneo·
1871 4103 1873 4108 ’

226 4176 354 4237 λενόντων
364 4179 424 4253 ύμῖν
435 4178 567 4258 προθυμία
578 4197 587 4255 ;
597 4183 613 4250 ἠ
625 4179 733 4259 μὲνγὰρ
745 4179 845 4249 ξύνοδός
856 4182 926 4239 ἐστιν
938 4183 1011 4258 ὑμῶν
1057 4202 1125 4250 rum,
1144 4188 1187 4238 sed
1206 4187 1333 4238 consilium
1348 4187 1461 4236 dentibus
1475 4189 1615 4250 egentium,
1634 4188 1747 4251 sullrngin
1765 4193 1847 4238 sulem

227 4269 262 4333 ὡς
273 4266 324 4344 οὐχ
337 4267 444 4342 ἱκανῶν,
461 4267 529 4324 ἀλλὰ
544 4265 696 4342 ξομύούλων
716 4269 856 4348 δεομένων,
871 4271 898 4326 ui
918 4269 945 4327 δί
960 4271 1012 4351 ψἠ·
1057 4278 1301 4340 serunturtemqunm
1312 4290 1361 4326 nou
1376 4277 1496 4339 egentium
1514 4276 1641 4326 consilium
1660 4277 1790 4340 dentibus,
1805 4277 1847 4328 sed

228 4377 271 4436 φοι
288 4354 409 4434 φέρονται
429 4356 467 4421 ὡς
487 4356 516 4412 οὐ
542 4354 694 4432 ξομόυύλων
716 4357 854 4435 δεομένων,
878 4358 946 4416 ἀλλὰ
967 4359 1013 4417 καί
1057 4370 1082 4417 et
1091 4365 1215 4429 judicandi
1228 4368 1253 4415 et
1266 4367 1392 4416 consilium
1404 4366 1477 4416 dnndi
1495 4366 1635 4416 ineuitntem
1657 4367 1810 4417 innitentium.
1824 4373 1848 4418 el

186 4460 213 4500 st
228 4443 323 4524 κρίνειν
334 4441 379 4502 καί
394 4441 578 4520 ξομύσολεύειν
592 4445 751 4522 δυναμένων.
766 4446 840 4517 καὶὴ
854 4445 901 4524 μὲν
916 4453 1012 4528 προθυ-
1056 4453 1269 4519 studiumquidem
1279 4456 1422 4518 eorum,qui
1433 4455 1500 4505 robis
1510 4456 1848 4521 consiliumdnni,temqunm

229 4531 278 4609 μία
291 4535 341 4590 τῶν
355 4529 581 4608 ξυμύουλενόντων
597 4537 659 4611 ύμῖν
673 4538 708 4601 ὡς
722 4533 828 4595 εἰδότων
843 4533 926 4612 ἐστίν,
943 4539 970 4595 αἱ
985 4537 1012 4596 δέ
1057 4545 1184 4596 scientium
1196 4546 1246 4606 est,
1260 4544 1373 4608 suilrngin
1388 4545 1550 4596 neronrobis
1564 4548 1688 4609 umquem
1707 4560 1757 4596 non
1772 4547 1849 4597 scien·

165 4618 167 4626 ¹
228 4624 291 4702 παρ’
305 4624 377 4698 ὑμῶν
389 4623 471 4703 ψῆφοι
482 4625 517 4688 ὡς
537 4625 584 4682 οὐκ
598 4621 704 4682 εἰδότων
715 4627 766 4684 τῶν
786 4622 1012 4701 ξυμόοολευόντων
1057 4635 1121 4686 tilius
1139 4635 1199 4696 iliis,
1220 4635 1263 4698 qui
1283 4635 1343 4684 dent
1358 4633 1499 4695 consilium,
1512 4634 1630 4686 leruntur.
1655 4640 1690 4685 Ac
1701 4635 1722 4685 si
1741 4636 1799 4698 quis
1819 4651 1849 4686 ex

229 4711 362 4791 φέρονται.
383 4711 436 4769 Καὶ
456 4709 480 4769 εί
495 4734 533 4778 τις
547 4715 614 4788 ὑμᾶς
636 4713 719 4793 ἔροιτο
739 4713 797 4780 τοὺς
817 4716 1013 4795 ψηφισαμένους
1058 4725 1141 4787 vobis,
1155 4725 1198 4788 qui
1211 4725 1350 4786 sullrngium
1363 4725 1477 4776 tulissetis
1486 4726 1512 4775 et
1522 4725 1564 4787 qui
1586 4724 1714 4773 condilum
1733 4726 1805 4774 rolris
1819 4726 1848 4775 nd

229 4801 274 4858 καὶ
287 4798 329 4858 τὸν
345 4799 577 4876 ξυμόουλεύσαντα
590 4805 652 4877 ὑμῖν
671 4801 731 4882 περὶ
746 4793 783 4861 ὧν
795 4801 827 4861 ἂν
848 4803 1012 4885 ψηφίσησθε,
1028 4825 1046 4864 c
1059 4827 1101 4873 en,
1112 4813 1143 4864 de
1158 4813 1246 4876 quihus
1257 4813 1383 4876 tulissetis,
1395 4814 1516 4876 pertinens
1527 4812 1643 4874 dedisset,
1658 4816 1794 4876 quiesceret,
1805 4815 1849 4863 sei·

168 4961 171 4966 A
189 4905 216 4944 uu
229 4887 338 4968 πότερον
352 4889 422 4962 ἴστε,
435 4890 474 4949 ὅτι
492 4889 565 4950 ἔσται
580 4882 610 4949 οὗ
631 4892 706 4950 ἕνεκα
725 4893 849 4971 πράττειν
873 4893 1013 4952 διανοεῖσθε
1059 4905 1121 4954 iisne
1131 4903 1240 4952 inturnm
1251 4915 1303 4953 esse
1316 4902 1389 4964 iliud,
1399 4903 1469 4964 cnjus
1483 4915 1559 4952 cause
1573 4903 1652 4952 lucere
1667 4903 1779 4966 cogitetis
1792 4917 1849 4966 quse

165 5005 171 5062 j
231 4977 499 5058 ἃῖψηφίσασθε,ούκ
513 4978 603 5057 οἴομαι
618 4979 650 5037 ἂν
662 4983 744 5059 φῆσαι
758 4983 835 5057 ὑμᾶς.
848 4980 874 5038 τί
886 4981 922 5057 δ’,
935 4983 958 5040 εἰ
970 4981 1013 5060 γέ·
1059 4991 1213 5042 decrevistis?
1233 4991 1381 5055 nonupinor
1399 4991 1848 5054 rcsessenliirmnlnrns.qnidrero‚

231 5087 300 5124 νοιτο
314 5059 344 5123 oi
359 5064 433 5126 ίνεκα
449 5067 572 5147 πρέπειν
587 5070 745 5140 διανοεῖσθε,
767 5067 837 5142 ἴστε,
851 5069 891 5128 ὅτι
906 5068 1015 5139 ξυνοίσει
1059 5079 1158 5131 siderei
1171 5079 1212 5141 id,
1227 5081 1299 5144 cujus
1315 5093 1388 5131 cause
1409 5081 1487 5132 iecere
1512 5080 1553 5131 iila
1571 5080 1695 5144 cogitetis,
1709 5081 1766 5130 idne
1780 5081 1850 5130 vobis

231 5157 309 5211 τοῦτο
320 5155 394 5230 ὑμῖν,
407 5154 465 5214 ciel
482 5161 558 5214 τοῦτο
572 5155 603 5214 ἂν
618 5160 701 5237 φῆσαι
714 5157 810 5235 οἴομαι
818 5161 885 5235 ὑμᾶς
896 5158 955 5217 οὐδὲ
970 5159 1014 5218 τὸν
1060 5169 1119 5220 utile
1133 5170 1243 5220 luturum
1259 5182 1310 5220 oese
1323 5169 1404 5220 scitis?
1417 5182 1448 5220 ne
1464 5170 1511 5219 iroc
1529 5168 1628 5233 quidem
1649 5181 1693 5220 ves
1708 5171 1752 5220 eut
1771 5171 1849 5220 censi·

233 5240 441 5322 ξομόοολεύοντα
456 5247 527 5326 ὑμῖν.
550 5248 600 5305 τῶν
616 5245 759 5330 ἀνθρώπων
773 5247 802 5307 δέ
821 5269 879 5306 τινα
894 5249 1015 5327 θπολαμ-
1060 5258 1120 5309 lium
1133 5258 1203 5310 vobis
1220 5258 1319 5310 denum
1339 5257 1503 5309 sifirmsturne
1516 5257 1609 5321 opinor.
1624 5257 1753 5308 immiuum
1765 5259 1849 5310 nutem
