3810 5862
271 481 307 534 38
887 471 1084 535 llonltult.
1107 475 1203 538 utun.
1226 477 1258 535 B.
1737 481 1873 558 (ronan.)

268 604 335 674 Ζεύς
346 606 451 685 ἀγαθῶν
464 629 493 664 τε
506 609 595 666 κακῶν
609 629 638 666 τε
652 605 784 668 τέτυκται.
827 603 875 678 τήν
891 604 920 666 δὲ
936 607 987 664 τῶν
1006 604 1048 684 δρ·
1068 625 1183 668 enorum
1192 618 1265 678 atque
1276 613 1403 666 malorum.
1436 616 1600 668 contusionem
1617 629 1676 668 vero
1687 615 1877 680 iuramentomn

267 719 321 756 ιιων
339 695 385 755 καίΙ
400 696 517 755 σπονδῶν
537 695 673 776 σύγχυσιν,
686 695 719 769 ἢν
737 699 750 756 δ
765 694 902 777 Πάνδαρος
919 692 1049 774 συνέχεεν,
1096 701 1296 766 induciarumque
1311 717 1326 754 a
1344 705 1456 755 Pandaro
1472 705 1559 756 lacurn
1576 706 1598 756 si
1616 705 1671 770 quis
1688 719 1732 769 per
1749 709 1838 756 torem
1858 708 1878 754 et

268 783 313 846 ἐάν
337 809 375 853 τις
395 789 431 866 φῇ
456 787 488 842 δι’
501 785 608 858 Ἀθηνᾶς
630 809 660 845 τε
680 785 726 846 καί
751 784 811 853 Διὸς
834 784 980 864 γεγονέναι,
1003 786 1051 844 ούκ
1096 791 1227 840 bliueurnm
1248 792 1336 842 iactam
1355 805 1408 843 esse
1427 792 1529 854 diruerit,
1550 807 1700 858 nequaquam
1712 793 1879 854 laudabimus,

268 871 473 950 ἐπαινεσόμεθα,
487 871 545 933 οὐδέ
558 877 621 933 θεῶν
648 873 702 956 ἔριν
727 898 756 934 τε
775 873 820 934 καί
834 873 919 956 κρίσιν
940 872 983 932 διδι
995 872 1050 934 Θέ-
1095 891 1173 942 neque
1182 877 1282 930 deornm
1292 880 1464 932 dimensionem
1475 885 1500 932 et
1515 881 1756 945 decertationemper
1768 882 1879 932 Themin

216 961 343 1040 δθθμιτός
355 985 384 1020 τε
403 961 448 1020 καί
463 960 537 1029 Διός·
551 960 604 1021 οὐδ’
616 952 650 1021 αθ
669 966 703 1030 ῶς
717 961 850 1043 Αἰσχύλος
862 959 947 1039 λέγει,
960 957 1049 1020 ἐατέον
1061 982 1081 1024 a
1094 969 1167 1030 utque
1177 971 1274 1032 tuveru;
1284 983 1362 1033 neque
1371 970 1436 1034 quod
1447 971 1649 1034 dcttmeuytno,
1657 970 1827 1021 molmeenteu
1837 983 1876 1018 an«

268 1049 370 1109 ἀκούειν
385 1049 443 1117 τοίις
454 1047 540 1124 νέους,
557 1047 597 1109 ὅτι
611 1049 665 1118 θεὸς
678 1049 726 1128 μέν
748 1049 835 1110 αἰτίαν
855 1049 913 1132 φύει
935 1049 1049 1131 βροτοῖς,
1094 1055 1250 1117 neutonam
1258 1057 1792 1122 mortniibnecuiuaminuerene,quaudnuelit
1802 1057 1868 1106 tundi

267 1137 354 1199 Ὅταν
369 1142 489 1198 κακῶσαι
503 1140 580 1217 δῶμα
595 1139 742 1217 παμπήδην
756 1139 828 1220 θέλῃ.
879 1138 937 1198 ἀλλ’
952 1137 997 1196 ἐάν
1010 1161 1049 1206 τις
1093 1150 1133 1200 tun
1142 1149 1400 1202 domumsubuertere.
1409 1153 1587 1216 uerumaiquis
1596 1151 1708 1215 inducat,
1721 1153 1745 1202 in
1756 1152 1881 1216 quibustu

268 1232 330 1308 ποιῇ
345 1229 372 1286 ἐν
389 1218 427 1295 οἷς
445 1233 531 1286 ταῦτα
547 1227 581 1287 τά
595 1227 705 1306 ἰαμύεῖα
721 1225 867 1303 ἔνεστι,τά
885 1231 933 1299 τῆς
949 1225 1048 1298 Νιάθης
1093 1238 1166 1288 iambi
1175 1239 1267 1302 insunt,
1277 1240 1366 1291 Nioben
1373 1240 1530 1304 calamitates,
1537 1242 1577 1292 rel
1587 1241 1806 1306 Pelopidarumuel
1814 1243 1881 1291 troi-

266 1313 354 1394 πάθη,
377 1313 394 1386 ἢ
414 1314 448 1375 τδι
461 1317 617 1377 Πελοπιδῶν
631 1315 648 1389 ή
663 1317 697 1376 τά
711 1315 852 1401 Τρωῖκάή
872 1340 897 1376 τι
915 1315 980 1375 ἀλλο
997 1319 1048 1373 τῶν
1093 1327 1179 1378 castel
1186 1327 1275 1392 aliquid
1286 1328 1434 1392 huiusmodi,
1442 1333 1485 1380 eut
1495 1343 1543 1380 non
1550 1329 1709 1380 deibaeneuae
1717 1342 1795 1393 opera
1803 1328 1880 1379 dioere

231 1425 256 1457 ιο
267 1404 425 1478 tenebantui
437 1406 466 1465 ού
478 1409 536 1464 θεοῦ
547 1403 612 1487 ἔργα
623 1403 713 1466 ἐατέον
724 1405 791 1465 utet
802 1405 895 1485 λέγειν,
906 1403 934 1478 ἢ,
945 1405 967 1463 εἰ
979 1408 1048 1478 deuii,
1093 1417 1291 1479 permittendum,
1300 1423 1352 1480 aut,
1362 1419 1383 1468 ai
1393 1417 1590 1479 dei‚inuenienda
1599 1418 1635 1468 eiu
1647 1418 1702 1468 talis
1712 1419 1776 1476 leue,
1786 1417 1882 1481 qualem

267 1492 409 1574 ἰξευρετέον
424 1495 511 1562 αὐτοῖς
525 1493 617 1575 σχεδὸν
632 1493 661 1554 θν
674 1499 720 1553 νῦν
731 1498 808 1572 ἡμεῖς
821 1495 899 1572 λόγον
913 1498 1049 1569 ζητοῦμεν,
1095 1518 1161 1555 nune
1176 1507 1323 1572 quaerimus,
1340 1507 1414 1568 rado,
1431 1506 1608 1570 dineudumque
1623 1506 1696 1557 deum
1705 1505 1811 1570 quidem
1821 1504 1882 1568 justa

266 1581 311 1642 καὶ
322 1581 438 1662 λεκτέον,
453 1587 488 1650 ῶς
499 1587 513 1642 θ
525 1583 571 1660 μὲν
587 1584 642 1651 θεὸς
655 1582 744 1642 δίκαιαί
756 1607 785 1642 τε
798 1582 843 1642 καί
856 1580 942 1660 ἀγαθδι
955 1580 1047 1660 εἰργά-
1095 1592 1206 1655 bonaque
1217 1594 1307 1658 egisse,
1319 1594 1373 1645 illos
1382 1599 1463 1645 antem
1474 1607 1557 1658 poenas
1568 1594 1648 1644 dando
1660 1595 1793 1646 utilitatem
1806 1607 1882 1658 perre-

215 1731 220 1740 ,
266 1674 338 1746 ζετο,
353 1673 377 1730 oi
389 1670 416 1730 δὲ
434 1670 560 1731 ὠνίναντο
572 1671 756 1750 κολαζόμενοι·
771 1673 806 1739 ῶς
819 1670 847 1729 δὲ
862 1669 945 1729 ἄθλιοι
961 1667 1008 1747 μὲν
1024 1671 1047 1728 οἰ
1061 1663 1083 1728 b
1095 1683 1173 1745 μίσεος
1185 1682 1227 1734 sed
1244 1683 1345 1734 miseros
1357 1683 1433 1734 tuisse
1450 1683 1492 1746 qni
1509 1696 1593 1744 uoeuas
1608 1683 1756 1746 penderent,
1768 1687 1795 1731 et
1811 1681 1881 1732 deum

267 1759 342 1831 δίκην
354 1757 479 1835 δῑδύντῑτ,
488 1751 521 1833 ἦν
531 1759 559 1819 δέ
571 1759 603 1831 δὴ
616 1762 710 1840 &iniit
720 1765 805 1818 ταῦτα
816 1758 886 1832 θεὸς,
900 1760 949 1817 οὐκ
960 1757 1048 1818 ἐατέον
1094 1772 1147 1833 ejus
1158 1771 1192 1821 rei
1205 1775 1328 1822 auctorem
1340 1771 1415 1822 tuisne
1428 1774 1525 1834 poetam
1533 1771 1614 1822 dicere
1624 1785 1673 1822 nnn
1687 1772 1725 1822 eat
1740 1771 1882 1834 permitten-

227 1855 255 1900 1⁵
266 1848 409 1930 λέγειντθν
423 1848 545 1922 ποιητήν.
587 1850 646 1908 ἀλλ’
661 1851 685 1908 εἰ
699 1847 747 1926 μέν
763 1847 803 1906 δτι
814 1847 957 1920 ἐδεήθησαν
969 1846 1050 1905 κολά-
1093 1859 1160 1909 dum.
1194 1860 1268 1912 uedsi
1287 1860 1456 1911 dicantmaluu
1471 1860 1677 1924 bomineeutpote
1688 1860 1796 1910 miserm
1809 1858 1883 1922 punis

267 1962 332 2006 σευτ
352 1937 451 2018 λέγοιεν
471 1942 507 2006 ὡς
526 1937 611 1998 ἄθλιοι
632 1940 655 1996 ot
674 1936 765 2010 κακοὶ,
789 1935 900 2003 διδόντες
921 1935 949 1994 δέ
974 1935 1048 2009 δίκην
1092 1948 1187 2011 eguisse
1197 1949 1496 2014 usquemtrentesadeo
1512 1949 1656 2000 uerendum
1670 1947 1816 2008 annuisse,
1830 1961 1881 2010 per-

266 2029 412 2109 ὠφελοῦντο
422 2026 472 2085 tut
481 2031 529 2086 τοῦ
539 2031 606 2100 θεοῦ,
620 2025 718 2085 ἐατέον·
731 2029 820 2084 κακῶν
830 2023 858 2082 δὲ
870 2023 953 2083 αἴτιον
968 2023 1049 2105 φάναι
1093 2036 1236 2088 mittendum
1257 2051 1264 2084 ι
1285 2037 1402 2087 malorum
1420 2043 1501 2086 nutem
1521 2035 1593 2088 alieni
1614 2049 1712 2086 causum
1733 2049 1793 2085 esse
1812 2035 1881 2084 deum

266 2116 323 2174 θεόν
335 2139 386 2175 τινι
405 2113 538 2192 γίγνεσθαι
559 2113 655 2193 ἀγαθὸν
676 2113 755 2192 ὄντα,
778 2112 953 2192 διαμαχετέον
967 2112 1048 2171 παντί
1093 2125 1187 2186 dicere,
1196 2139 1252 2175 eum
1264 2125 1343 2176 bonus
1353 2126 1400 2188 sit,
1410 2124 1600 2188 impugnandum
1610 2127 1648 2174 est
1657 2124 1774 2186 omnino,
1786 2123 1881 2186 nequis

265 2203 355 2286 τρόπῳ
369 2202 436 2281 μήτε
450 2202 509 2262 τινὰ
531 2200 616 2282 λέγειν
637 2207 721 2262 ταῦτα
734 2203 808 2280 ἀνιῇ
830 2205 908 2260 αὑτοῦ
922 2198 1011 2272 πέλει,
1026 2203 1048 2259 εἰ
1093 2214 1146 2264 lraeo
1155 2213 1219 2264 dieat
1230 2214 1255 2262 iu
1265 2212 1428 2275 uuaciritate,
1439 2213 1459 2262 si
1469 2213 1530 2262 bene
1540 2212 1677 2270 institutam
1687 2225 1742 2262 esse
1756 2209 1881 2268 uolumus,

225 2309 253 2351 ευ
266 2291 358 2370 μέλλει
371 2291 576 2369 εὐνομήσεσθαι,
589 2289 657 2368 μήτε
669 2287 728 2349 eut
743 2289 855 2362 ἀκούειν,
873 2287 940 2366 μήτε
955 2287 1048 2346 νεῶτε-
1092 2313 1152 2352 neve
1167 2301 1221 2366 quis
1237 2301 1330 2364 audiat,
1342 2301 1379 2350 rel
1394 2301 1475 2363 junior
1488 2299 1525 2350 uel
1540 2300 1628 2359 senior,
1639 2311 1718 2362 neque
1729 2299 1882 2348 earminibua

266 2403 309 2462 ρον
335 2379 402 2457 μήτε
423 2378 611 2462 πρεσύύτερον,
639 2377 707 2455 μήτε
730 2380 757 2436 έν
784 2376 873 2458 μέτρῳ
897 2376 964 2454 μήτε
986 2375 1047 2435 ἀνευ
1063 2394 1169 2452 cneque
1183 2389 1261 2438 uoluta
1278 2389 1386 2439 oratioue
1404 2388 1509 2452 prolata,
1523 2389 1612 2451 quippe
1631 2400 1688 2450 quae
1701 2399 1784 2449 neque
1801 2386 1882 2436 tassii

266 2467 362 2550 μέτρου
387 2470 593 2548 μυθολογοῦντα,
615 2469 649 2532 ῶς
668 2464 722 2526 οὗθ’
736 2464 795 2524 ὅσια
818 2463 850 2523 ἀν
865 2462 1009 2542 λεγόμενα,
1025 2465 1047 2521 εἰ
1091 2477 1152 2537 diui,
1165 2478 1187 2526 ui
1205 2477 1324 2539 dicontur,
1344 2490 1423 2540 neque
1440 2476 1511 2526 uubis
1527 2476 1595 2525 utilia
1609 2475 1657 2526 sint
1675 2488 1757 2538 neque
1776 2474 1883 2524 intense

265 2554 376 2636 λέγοιτο,
387 2557 445 2618 οὔτε
459 2554 577 2638 ξύμφορα
586 2557 650 2632 ἡμῖν
664 2549 722 2612 ούτε
736 2550 864 2634 σύμφωνα
875 2551 942 2611 αὐτὰ
953 2555 1046 2618 αὑτοῖς·
1092 2579 1206 2616 consona.
1239 2563 1302 2630 [nu]
1321 2563 1470 2626 suffragator
1483 2564 1529 2613 tibi
1547 2577 1615 2626 uum,
1625 2562 1718 2626 inquit,
1733 2551 1782 2612 line
1795 2563 1822 2610 in
1835 2563 1882 2624 lege

266 2643 413 2728 Σύμήηφύα
431 2644 472 2704 συί
491 2647 561 2722 εἶμι,
576 2642 640 2725 ἔφη,
663 2639 756 2702 τούτου
773 2639 1048 2719 reindutumque
1093 2655 1202 2717 terenda,
1212 2655 1238 2704 et
1248 2652 1400 2716 mibipluoet.
1434 2651 1525 2716 [suen]
1541 2655 1599 2702 lianc
1616 2651 1697 2714 igitur,
1708 2651 1828 2714 inquam,
1839 2664 1883 2700 uno

225 2743 256 2790 αδ
266 2731 380 2814 ἀρέσκει.
414 2723 498 2798 Οὗτος
513 2729 561 2808 μέν
573 2729 670 2807 τοίνυν,
684 2721 717 2802 ἦν
729 2730 776 2787 δέ
794 2727 830 2802 ὼ,
845 2719 881 2796 εἷς
896 2727 927 2788 ἂν
941 2727 982 2801 atq
996 2732 1048 2787 τῶν
1092 2743 1124 2794 ut
1135 2742 1175 2792 len
1193 2745 1266 2804 etque
1280 2742 1356 2790 turma
1372 2753 1472 2800 earum,
1490 2753 1546 2803 qure
1564 2739 1595 2790 ad
1611 2739 1671 2789 deos
1689 2740 1832 2802 pertinent,
1853 2738 1882 2786 ad

266 2818 326 2903 περὶ
341 2817 411 2887 θεοὺς
424 2818 512 2898 νόμων
524 2841 554 2878 τε
567 2816 613 2876 καί
626 2815 725 2891 τύπων,
740 2753 803 2898 tv}
821 2815 909 2888 δεήσει
927 2815 986 2884 τοὺς
1004 2815 1048 2876 λέ·
1092 2843 1165 2895 quarn
1184 2834 1300 2892 cogantur
1324 2833 1349 2879 et
1371 2828 1450 2878 dicere
1473 2828 1580 2878 dieentes
1595 2832 1620 2877 et
1640 2827 1760 2890 iungentes
1777 2825 1881 2890 fingere,

264 2933 357 2990 γοντας
376 2907 462 2988 λέγειν
482 2907 528 2966 καί
541 2903 601 2974 τοὺς
614 2910 753 2972 ποιοῦντας
774 2905 866 2974 ποιεῖν,
887 2904 923 2982 μὴ
942 2905 1047 2964 πάντων
1092 2917 1165 2968 durum
1175 2931 1222 2967 nou
1236 2917 1345 2967 omnium
1355 2930 1462 2976 causam,
1474 2916 1517 2966 sed
1528 2917 1657 2967 bonorum.
1676 2914 1740 2980 [nn]
1753 2920 1789 2966 ,lo
1804 2917 1882 2979 plane,

265 2997 347 3056 αἰτιον
360 2996 405 3055 τίνν
420 2996 486 3067 θεὸν,
504 2993 574 3053 ἀλλά
586 2998 638 3054 τῶν
653 2997 767 3072 ἀγαθῶν.
820 2993 876 3053 Καὶ
893 2993 969 3072 μάλ’,
981 2993 1046 3075 έφη,
1091 3006 1183 3069 inquit,
1199 3005 1297 3055 sullicit.
1331 3004 1420 3069 [suem]
1434 3004 1498 3062 Quid
1517 3004 1661 3054 nutembaeu
1677 3004 1805 3054 secunda?
1825 3017 1882 3052 nuru

265 3086 381 3166 ἀπόχρη.
404 3085 438 3145 Τί
451 3083 478 3143 δέ
492 3084 524 3157 δὴ
537 3087 551 3143 θ
566 3083 682 3164 δεύτερος
695 3082 757 3156 δδε;
771 3073 822 3164 ἀρα
833 3081 917 3161 γόητα
931 3082 975 3142 τδν
988 3083 1045 3142 θεὸν
1056 3081 1077 3146 d
1090 3094 1215 3144 existimas
1225 3093 1423 3156 praestigiatorem
1432 3106 1486 3142 esse
1496 3091 1569 3143 deum
1579 3094 1604 3141 et
1614 3096 1738 3154 tamquam
1747 3105 1778 3140 ex
1789 3091 1882 3142 insidiis

225 3173 312 3234 ευοίει
325 3165 448 3233 εἶναικαὶ
462 3163 707 3244 οἶονέξέπιάουλῆς
723 3171 898 3252 φαντάζεσθαι
913 3169 1007 3230 άλλοτε
1019 3174 1045 3230 έν
1089 3182 1149 3232 alius
1165 3182 1210 3232 alia
1228 3181 1308 3244 speeie
1327 3195 1441 3245 apparere
1456 3181 1504 3241 ite,
1524 3185 1551 3230 ut
1562 3179 1686 3230 interdum
1705 3179 1811 3242 quidem
1833 3179 1883 3241 ipae

265 3261 357 3330 άλλαις
365 3260 454 3334 ἰδέαις,
461 3257 519 3319 τοτὲ
530 3263 578 3338 μέν
587 3258 665 3317 αθτδν
671 3257 822 3338 γιγνόμενον
829 3256 874 3316 καί
882 3256 1045 3317 ἀλλάττοντα
1090 3269 1180 3333 aliquid
1196 3268 1237 3318 irat
1248 3272 1272 3318 et
1284 3269 1308 3318 iu
1322 3269 1412 3318 multae
1424 3269 1513 3318 loruras
1525 3268 1629 3330 speeiem
1644 3279 1715 3316 sunm
1730 3269 1830 3326 mutet,
1849 3269 1883 3316 iu·

265 3349 294 3407 τδ
313 3353 392 3409 αὑτοῦ
407 3341 473 3416 εἶδος
487 3351 523 3416 εἰς
535 3347 635 3414 πολλὰς
648 3343 761 3428 μορφάς,
771 3343 831 3404 τοτὲ
846 3347 868 3403 δ’
880 3349 952 3422 ἡμᾶς
971 3349 1044 3404 ἀπα·
1090 3357 1184 3408 terdum
1193 3359 1273 3407 arrtem
1283 3370 1328 3407 nos
1334 3357 1437 3419 decipiat
1445 3357 1554 3419 talesque
1563 3355 1594 3405 de
1606 3355 1771 3418 seopiniones
1781 3355 1883 3414 efficiat,

264 3441 349 3497 τῶντα
358 3437 535 3496 unimembrem
542 3433 603 3516 περὶ
615 3438 694 3493 αὑτοῦ
703 3439 812 3492 τοιαῦτα
819 3431 936 3506 domiui,
945 3434 1044 3493 ἁπλοῦν
1088 3459 1119 3494 nn
1131 3445 1262 3508 simplicem
1274 3457 1328 3494 esse
1344 3443 1490 3507 minimeque
1506 3443 1616 3493 omnium
1638 3455 1684 3494 suu
1697 3442 1728 3492 de
1742 3444 1829 3506 speeie
1846 3443 1884 3492 de

263 3547 293 3586 τε
304 3517 371 3585 εἶναι
381 3527 426 3586 καί
433 3524 539 3584 πάντων
548 3523 644 3596 ἥκιστα
657 3527 705 3594 τῆς
714 3525 807 3580 ἑαυτοῦ
814 3520 886 3587 ἰδέας
899 3521 1045 3601 έκύαίνεινγ
1089 3533 1187 3584 cuderet
1201 3532 1264 3598 [εικ]
1280 3535 1333 3583 Non
1348 3532 1438 3594 liabeo,
1453 3531 1545 3594 inquit,
1557 3531 1593 3580 sie
1604 3532 1629 3580 in
1645 3533 1778 3594 praesentia
1793 3531 1883 3586 dicere.

224 3633 252 3674 st
264 3618 323 3675 Ούκ
336 3613 404 3695 έχω,
417 3613 480 3696 έφη,
492 3619 537 3671 νῦν
549 3636 580 3691 γε
593 3610 674 3678 οὕτως
685 3613 776 3670 εἰπεῖν.
817 3609 853 3669 Τί
865 3607 893 3668 δὲ
908 3609 984 3687 τάδε;
998 3613 1045 3670 οἰκ
1090 3619 1179 3686 [sucu]
1187 3620 1252 3678 Quid
1260 3622 1340 3670 auteur
1349 3620 1410 3669 boe?
1420 3631 1603 3670 nunneneeesse
1610 3623 1661 3681 est,
1672 3619 1693 3668 εἰ
1702 3619 1763 3682 quid
1776 3632 1795 3668 a
1805 3621 1894 3684 speeie¹

263 3702 379 3780 ἀνάγκη,
394 3702 467 3782 εἰπερ
486 3725 510 3760 τι
528 3699 655 3770 ἐξίσταιτο
668 3703 715 3772 τῆς
733 3702 813 3757 αὑτοῦ
837 3697 921 3770 ἰδέας,
944 3694 961 3769 ἢ
980 3699 1044 3757 αὐτὸ
1089 3707 1261 3769 utradisuednt,
1273 3710 1315 3758 nut
1326 3708 1404 3770 ipsum
1417 3721 1431 3756 n
1443 3720 1469 3757 se
1480 3707 1616 3769 transferri,
1628 3707 1713 3756 nutab
1724 3707 1794 3758 alio?
1813 3706 1878 3772 [tn]
1893 3695 1894 3708 ¹

264 3796 305 3873 ὑφ’
321 3796 412 3852 ἑαυτοῦ
426 3791 612 3870 μεθίστασθαι,
629 3785 705 3860 ήύπ’
720 3786 817 3860 ἀλλους
829 3786 952 3866 Ἀνάγκη.
972 3790 1045 3847 Οἰκ-
1058 3799 1196 3851 euocasse.
1229 3794 1317 3859 [sucu]
1329 3798 1413 3858 ltaque
1423 3795 1453 3844 nb
1470 3794 1518 3844 ulio
1532 3807 1612 3844 noune
1622 3808 1678 3858 quae
1688 3795 1785 3857 optime
1801 3807 1830 3844 se
1842 3795 1882 3843 bn·

264 3885 308 3938 οῦν
333 3879 385 3938 ὑπὸ
411 3880 458 3957 μίν
483 3879 564 3938 ἀλλον
586 3877 620 3936 τδι
644 3874 737 3956 ἀριστα
760 3873 854 3954 ἔχοντα
877 3873 974 3946 ἥκιστα
998 3877 1045 3933 ἀλ·
1089 3883 1269 3944 bent,nrinime
1280 3885 1404 3933 mutantur
1420 3886 1493 3945 atque
1510 3887 1649 3944 mouentur,
1665 3882 1882 3946 quemadmodum

264 3966 381 4025 λοιοῶταί
394 3989 422 4024 τε
437 3967 482 4024 καί
496 3969 618 4036 κινεῖται,
631 3954 684 4022 οἷον
698 3965 777 4039 σῶμα
789 3961 938 4021 θαλαττίων
953 3985 982 4020 τε
1000 3962 1045 4020 καί
1089 3983 1176 4032 eorpus
1188 3983 1202 4018 a
1213 3969 1273 4019 cibit
1282 3975 1307 4020 et
1318 3970 1455 4034 potionibus
1467 3973 1492 4020 et
1503 3971 1627 4021 laboribus
1641 3975 1666 4020 et
1677 3971 1760 4033 planta
1771 3984 1884 4034 quaeque

224 4080 250 4121 ιο
264 4059 350 4112 ποτῶν
365 4054 410 4114 καί
422 4054 506 4114 πόνων
519 4053 564 4113 καί
576 4059 630 4111 πᾶν
642 4049 720 4132 φυτδν
735 4049 785 4108 ὑπὸ
803 4047 929 4121 εἱλήσεών
950 4072 979 4108 τε
999 4049 1045 4108 καί
1089 4057 1230 4108 abbatibus
1242 4063 1266 4108 et
1277 4059 1353 4108 ventis
1364 4062 1389 4107 et
1403 4057 1540 4119 hujusmodi
1555 4058 1742 4121 allectionibus,
1754 4073 1842 4108 nonne
1858 4061 1884 4109 ul

265 4142 368 4220 ἀνέμων
380 4143 488 4202 καὶτῶν
500 4141 620 4200 τοιούτων
632 4135 805 4216 παθημάτων,
815 4139 844 4195 ού
855 4137 886 4196 τὸ
894 4136 1045 4218 ὑγιέστατον
1089 4144 1194 4207 quidque
1203 4145 1354 4194 sanissimum
1364 4151 1399 4194 est
1410 4152 1435 4194 et
1444 4145 1656 4206 robustissimum,
1670 4147 1704 4196 ita
1715 4146 1824 4198 minime
1832 4161 1883 4196 mn·

212 4230 311 4302 33]καί
325 4229 495 4312 ἰσχυρότατον
508 4229 605 4301 ἥκιστα
620 4229 788 4305 diluiuum
806 4227 868 4291 Πῶς
883 4224 905 4283 δ’
917 4222 966 4302 οὔ,
981 4227 1045 4285 Ψυ·
1057 4251 1074 4294 a
1087 4235 1166 4281 tatur?
1179 4231 1243 4296 [ιο]
1255 4235 1292 4282 lta
1305 4237 1377 4283 uerte.
1409 4232 1501 4297 [sucu]
1512 4233 1628 4282 Animum
1641 4237 1723 4284 autem
1737 4247 1825 4285 nunno
1838 4235 1884 4286 tor·

264 4315 315 4398 χήν
331 4317 358 4377 δέ
371 4321 400 4378 οὐ
413 4317 460 4391 τήν
479 4315 661 4397 ἀνδρειοτάτην
680 4314 726 4373 καλ
746 4311 945 4395 φρονιμωτάτην
956 4311 1043 4383 ἥκιστ’
1087 4324 1207 4374 tissimum
1219 4327 1244 4374 et
1259 4325 1472 4388 prudentissimum
1489 4324 1641 4374 extrinsecus
1656 4323 1772 4374 accidens
1788 4325 1883 4390 aliquid

265 4407 295 4465 άν
310 4431 336 4465 τι
352 4405 442 4476 έξωθεν
456 4406 538 4472 πάθος
552 4401 672 4486 ταράξειέ
694 4425 723 4461 τε
737 4401 782 4461 καί
797 4399 962 4473 ἀλλοιώσειε;
978 4399 1041 4459 Ναί.
1087 4411 1184 4461 minime
1203 4411 1350 4476 perturbabit
1366 4415 1391 4462 et
1408 4411 1527 4462 mutabit?
1545 4411 1609 4476 [nm]
1628 4416 1699 4464 Seue.
1734 4411 1832 4478 [suum]
1850 4419 1884 4462 Αο

221 4519 247 4559 ts
264 4495 318 4555 Καί
338 4495 390 4574 μήν
405 4518 455 4554 που
467 4493 512 4553 καί
526 4492 559 4552 τά
574 4515 605 4570 γε
619 4491 723 4560 ξύνθετα
745 4489 831 4549 πάντα
851 4486 931 4560 σκεύη
952 4511 980 4547 τε
999 4487 1044 4546 καί
1088 4499 1194 4562 proiecto
1206 4499 1279 4548 etiarn
1289 4499 1509 4561 cumpositaumniu
1519 4512 1590 4562 uasa,
1601 4499 1720 4560 nidificia,
1730 4503 1884 4550 uestimenta

263 4583 462 4664 οἰκοδομήματα
475 4583 520 4642 καί
535 4580 706 4663 ἀμφιέσματα
726 4578 794 4638 κατά
807 4577 851 4637 τὸν
872 4577 950 4635 αὐτὸν
967 4575 1042 4654 λόγον
1087 4585 1169 4637 undem
1179 4585 1271 4635 ratione
1283 4585 1343 4635 bene
1353 4590 1491 4636 constructa
1500 4586 1599 4636 ncbeue
1611 4599 1638 4638 se
1648 4587 1764 4637 babentia
1779 4589 1891 4638 mininie

262 4670 296 4731 τά
311 4663 340 4731 eii
360 4670 519 4753 εἰργασμένα
539 4669 585 4728 καί
605 4659 633 4726 εἰ
653 4667 748 4747 ἔχοντα
767 4665 818 4725 ύπδ
835 4663 929 4745 χρόνον
946 4685 975 4721 τε
996 4663 1042 4722 καὶ
1086 4679 1220 4737 atempore
1233 4674 1379 4737 reliquisque
1391 4674 1558 4724 dilectionibus
1571 4677 1705 4726 mutantur.
1751 4673 1821 4742 [nn]
1841 4681 1883 4728 Est

263 4762 314 4817 τῶν
329 4761 416 4819 ἀλλων
430 4756 594 4833 παθημάτων
609 4754 705 4826 ἥκιστα
718 4754 877 4811 ἀλλοιοῦται.
918 4749 998 4810 Ἔστι
1010 4750 1041 4822 δή
1087 4762 1195 4812 utdieis.
1229 4761 1452 4826 [eoun.]Quiequid
1467 4763 1540 4825 igitur
1554 4763 1654 4812 benene
1670 4763 1759 4826 babet,
1780 4766 1822 4815 uel
1841 4779 1882 4814 na-

262 4852 357 4908 παῶτα.
419 4851 479 4907 Πᾶν
494 4846 526 4916 δὴ
540 4845 570 4903 τὸ
588 4845 674 4909 καλῶς
689 4837 879 4920 ἔχον,ἢφύσει
896 4834 1041 4915 iiixviii
1087 4854 1141 4900 iure
1157 4851 1195 4901 uel
1211 4855 1262 4900 arte
1275 4850 1312 4899 uel
1326 4851 1449 4914 utrisque,
1466 4851 1591 4900 minimam
1607 4851 1770 4901 mutationem
1789 4853 1825 4902 ab
1836 4853 1882 4903 alio

223 4959 250 5000 tu
263 4922 1072 5017 ἀμφοτέροις,ἐλαχίστηνμεταδολὴνθπ’άλλουἰνδέχεται.])
1086 4937 1179 5001 recipit.
1211 4935 1274 5001 [tm]
1288 4937 1398 4988 Videtur.
1432 4937 1520 5002 [suum]
1535 4939 1708 4988 tiverodeus
1724 4945 1749 4990 et
1762 4955 1826 5005 quae
1843 4941 1882 4992 dei

263 5020 380 5082 Ἔοικεν.
422 5023 503 5082 Ἀλλὰ
520 5016 668 5097 μὴνθθεός
678 5037 708 5093 γε
722 5013 767 5073 καί
779 5010 813 5070 τά
826 5015 871 5070 τοῶ
886 5013 945 5067 θεοῦ
956 5009 1043 5081 πάντη
1085 5022 1155 5079 suut,
1170 5017 1236 5066 omni
1252 5030 1281 5067 εκ
1301 5022 1368 5080 parte
1384 5019 1562 5082 quamoptime
1583 5031 1640 5069 sese
1659 5019 1761 5070 babent.
1817 5011 1890 5088 [ειη]

264 5108 359 5190 ἄριστα
373 5109 438 5190 ἔχει.
480 5111 543 5174 Πῶς
557 5108 580 5165 δ’
599 5104 647 5183 οὖς
665 5101 759 5181 Ταύτῃ
781 5099 827 5177 μέν
842 5095 873 5169 δὴ
895 5095 992 5168 ἥκιστα
1012 5093 1044 5154 ἂν
1084 5104 1188 5162 Quidni?
1202 5103 1289 5168 [τοοκ]
1301 5107 1351 5154 llae
1366 5105 1438 5167 igitur
1453 5105 1545 5155 ratione
1561 5105 1662 5156 minime
1672 5108 1769 5157 multae
1787 5109 1881 5160 surmus

263 5198 363 5264 πολλὰς
377 5195 479 5278 μορφὰς
497 5194 597 5275 ἰσχοιθ
613 5189 676 5259 θεός.
715 5187 834 5249 Ἧκιστα
854 5186 930 5256 δῆτα.
972 5183 1042 5242 ’ἀλλ’
1087 5191 1200 5256 suscipiat
1213 5190 1281 5240 deus.
1313 5191 1375 5256 [un]
1395 5192 1494 5243 llinime
1513 5194 1607 5256 utique.
1640 5192 1733 5259 [suem]
1750 5197 1880 5261 Numquid

264 5277 315 5370 ἀρα
330 5287 406 5354 αὐτὸς
421 5284 498 5344 αὑτὸν
519 5281 681 5361 μεταὸάλλοι
701 5277 732 5337 ἀν
750 5274 796 5336 καί
811 5275 924 5346 ἀλλοιοῖ,
947 5271 1043 5344 Δῆλον,
1088 5292 1145 5329 reru
1163 5279 1214 5342 ipse
1231 5293 1258 5328 se
1273 5285 1352 5329 uertat
1365 5281 1389 5330 et
1408 5285 1502 5331 mutet?
1522 5281 1589 5347 [εικ]
1609 5283 1722 5346 Scilicet,
1746 5283 1847 5350 inquit,
1860 5287 1889 5336 si

1890 4115 1893 4156 ί
