3810 5862
72 495 196 578 lm)
688 484 851 564 ωνιεεε.
876 481 947 542 ιω.
970 481 1033 542 11.v
1617 487 1654 539 ει

71 625 166 687 ῖταινιῖν
185 641 225 693 σε,
239 613 309 676 ἀλλά
321 611 352 675 αδ
366 615 460 688 δοκεῖν,
474 609 533 673 oeli
546 611 577 672 τδ
591 611 680 672 άδωιον
696 604 765 673 εἶναι
782 610 830 694 ψί·
873 617 1022 682 rimpenre,
1032 614 1075 668 sed
1089 614 1165 666 rideri
1178 615 1315 676 iniustum,
1325 612 1459 676 iubamque
1472 611 1533 664 elem
1551 625 1605 663 esse
1621 611 1658 662 θει·

72 737 125 794 γων,
135 705 196 769 ἀλλά
207 705 236 765 τδ
254 706 348 776 δοκεῖν,
363 702 409 763 καί
422 699 647 782 παρακελεύεσθαι
660 701 748 761 άδικον
766 700 828 760 ὄντα
844 712 862 754 c
875 707 983 769 lustum,
993 709 1019 755 et
1027 703 1162 755 consentire
1175 699 1374 762 Thrasymacho,
1385 697 1478 760 iustum
1489 697 1587 761 quidem
1600 697 1657 748 ulle·

69 797 192 866 λανθάνειν,
219 791 265 852 καί
289 791 427 870 ὁμολογεῖν
449 788 639 870 Θρασυμάχῳ,
668 787 708 848 ότι
727 788 758 848 τὸ
782 787 830 865 μὲν
876 806 936 844 num
946 805 1000 844 esse
1008 789 1255 854 bonnm,potentiori
1264 786 1428 847 conducibile,
1442 785 1558 848 iniustum
1575 788 1658 866 ευθευι

72 887 155 946 δίκαιον
168 879 299 961 ἀλλότριον
323 876 430 956 ἀγαθόν,
454 875 581 959 ξυμφίρσν
605 883 651 937 τοῦ
673 875 831 959 κρείττονος,
876 880 1009 946 possessori
1025 893 1069 930 suo
1087 877 1236 929 conducibile
1247 877 1320 938 slqrre
1337 875 1406 936 utile,
1424 873 1576 924 imbecilliori
1598 885 1657 922 vero

47 971 128 1034 ετδθί
147 970 228 1029 άδικον
244 970 315 1050 αύτῷ
337 965 385 1044 μάν
406 963 532 1046 ξυμφέρον
551 964 598 1024 καλ
619 967 779 1038 λυσιτελοῦν,
793 967 832 1044 τῷ
876 968 967 1020 inutile.
984 971 1112 1032 postquam
1123 965 1319 1028 igituressensus
1334 976 1361 1013 es
1372 961 1493 1026 justitiam
1510 959 1659 1012 inmaxiniis

70 1061 93 1122 θθ
110 1060 188 1132 ἥττονι
207 1054 365 1138 ἀξύμφορον.
407 1051 497 1125 ἐπειδή
516 1043 561 1112 ούν
583 1051 757 1132 ὡμολόγησας
778 1053 830 1111 τῶν
874 1057 945 1108 bonis
957 1055 1123 1116 annumerari,
1134 1067 1190 1117 quse
1205 1056 1230 1104 et
1239 1056 1336 1117 propter
1344 1051 1398 1112 illa,
1410 1063 1465 1112 que
1475 1053 1618 1112 sequnntur,
1633 1052 1659 1099 et

69 1147 180 1228 μιγίστων
195 1144 298 1222 ἀγαθῶν
310 1131 377 1200 εἶναι
391 1137 566 1214 δικαιοσύνην,
580 1138 660 1199 θεῶν
674 1162 703 1198 τε
718 1138 830 1198 ἀποόαι·
875 1146 951 1196 multo
962 1144 1039 1207 msgis
1056 1144 1161 1208 ipseper
1176 1155 1203 1192 se
1219 1141 1292 1203 digne
1303 1143 1360 1189 sunt
1372 1151 1429 1203 que
1440 1137 1618 1201 possideantur,
1631 1140 1659 1186 ut

69 1235 148 1294 νόντων
173 1233 216 1289 ἀπ’
235 1233 321 1289 αὐτῶν
348 1227 423 1288 ἕνεκα
447 1226 507 1297 άξια
531 1231 689 1300 κεκτῆσθαι,
714 1225 780 1287 πολθ
804 1226 832 1286 δὲ
877 1233 972 1295 ridere,
989 1231 1086 1294 andire,
1107 1243 1204 1294 supere,
1221 1229 1278 1278 item
1297 1228 1358 1277 bena
1374 1226 1492 1276 velereet
1507 1236 1659 1287 quaeeunque

70 1324 155 1401 μάλλον
167 1307 230 1378 αύτά
247 1319 342 1390 αὑτῶν,
361 1307 413 1376 οἷον
432 1320 506 1398 θρᾷν,
524 1314 638 1390 ἀκούειν,
659 1319 771 1397 φρονεῖν,
786 1316 833 1374 καί
876 1322 924 1372 elie
945 1322 1009 1372 bone
1026 1319 1129 1384 gennim
1150 1319 1236 1381 suspte
1256 1322 1358 1377 nolum,
1383 1328 1431 1365 nou
1455 1313 1568 1377 opinione
1588 1315 1659 1374 sunt,

42 1430 60 1466 ru
68 1409 174 1488 ὑγιαίνειν
191 1406 222 1480 δή
248 1405 294 1465 καλ
313 1403 363 1465 όσιι
378 1404 447 1464 ἀλλα
471 1403 557 1481 ἀγαθά
579 1403 674 1483 γόνιμα
697 1409 730 1484 τῇ
747 1407 831 1463 αὑτῶν
842 1397 863 1462 d
877 1409 976 1475 proinde
992 1408 1038 1460 lroe
1049 1408 1129 1472 ipsum
1140 1405 1211 1456 leude
1223 1405 1248 1454 in
1262 1404 1370 1466 justitie,
1381 1401 1447 1467 quod
1459 1415 1501 1465 per
1515 1414 1543 1451 se
1554 1401 1607 1465 ipsa
1619 1399 1658 1450 lna·

69 1497 148 1580 φύσει,
168 1497 266 1556 ἀλλὀὐ
290 1493 352 1572 δόξῃ
373 1492 444 1566 ἀσεί,
457 1492 528 1553 τοῦτ’
543 1484 587 1552 ούν
609 1492 674 1552 αθτδ
695 1491 831 1553 ἐπαίνεσον
877 1499 973 1550 benlem
993 1497 1074 1560 iuret,
1095 1508 1152 1546 enm
1172 1492 1287 1557 injustitie
1308 1491 1395 1552 loedst3
1414 1489 1513 1554 premis
1531 1494 1612 1539 sulem
1634 1492 1660 1538 et

69 1580 332 1656 δικαιοσύνης,θαύιή
349 1583 382 1641 δι’
404 1580 486 1650 αθπλν
500 1580 544 1640 τόν
559 1579 654 1661 ἔχοντα
669 1580 768 1652 ὀνίνησι
785 1578 832 1640 καλ
876 1585 1002 1650 opiniones
1018 1585 1072 1634 eliis
1090 1581 1211 1633 laudande
1227 1580 1344 1643 relinque.
1364 1591 1419 1629 num
1431 1579 1545 1641 egoallos
1562 1576 1659 1640 quidem
1728 1573 1733 1582 '

71 1672 144 1733 ἀδικία
166 1671 290 1752 βλάπτει·
312 1667 419 1748 μισθούς
440 1667 468 1727 δὲ
481 1667 528 1728 κοιλ
549 1668 624 1738 δόξας
638 1668 721 1750 πάρες
744 1669 833 1737 ἄλλοις
877 1674 1020 1743 sustinerem
1030 1673 1063 1722 its
1076 1671 1194 1734 iustitiam
1211 1669 1336 1719 laudantes
1352 1672 1378 1719 et
1391 1667 1555 1730 vituperantes
1568 1664 1660 1728 iniusti·

69 1763 175 1823 ἐπαινεῖν.
220 1763 257 1827 ὡς
277 1758 330 1839 ἐγὼ
350 1762 401 1817 τῶν
427 1755 475 1835 μὲν
498 1755 585 1816 άλλων
609 1756 774 1838 ἀνασχοίμην
801 1755 833 1817 δν
877 1763 990 1824 θθευε,υῑ
1000 1761 1125 1825 opiniones
1137 1759 1168 1809 de
1186 1758 1217 1808 iis
1233 1760 1258 1809 et
1270 1756 1369 1821 premis
1387 1755 1513 1806 laudarent
1524 1757 1550 1805 et
1565 1755 1660 1818 vitupe-

43 1877 61 1912 ιι
70 1851 139 1918 ούτως
149 1846 321 1908 ἐπαινούντων
335 1843 501 1917 δικαιοσύνην
515 1844 561 1905 καί
575 1844 706 1928 ψεγόντων
721 1844 833 1917 ἀδικίαν,
878 1854 972 1911 renent,
985 1853 1008 1899 te
1019 1862 1078 1898 sero
1090 1847 1207 1908 minime,
1219 1845 1266 1896 nisi
1284 1849 1312 1894 tu
1331 1845 1431 1907 iubeas,
1452 1847 1577 1907 propterea
1594 1840 1660 1905 quod

69 1938 132 2006 δυξας
149 1961 175 1995 τε
188 1935 247 2016 τεερί
262 1937 362 2012 αὐτῶν,
372 1934 417 1994 καθ
431 1931 538 2011 μισθούς
558 1933 774 2012 ἐγκωμιαζόντων
787 1930 833 1992 καλ
878 1951 974 1988 omnem
986 1938 1060 1988 ritem
1076 1937 1142 1986 nulla
1152 1935 1178 1984 in
1191 1947 1217 1984 re
1232 1933 1292 1996 elio,
1304 1933 1352 1984 nisi
1365 1932 1409 1982 hae
1421 1932 1445 1982 in
1457 1931 1591 1996 questione
1605 1943 1660 1980 eon·

68 2024 244 2105 λοιδορούντων,
260 2029 306 2083 σοῦ
323 2021 352 2082 δὲ
365 2025 412 2082 οὐκ
424 2022 467 2100 δν,
483 2023 505 2080 εἰ
521 2020 559 2101 μή
577 2020 609 2080 σθ
623 2020 753 2093 κελεύοις,
768 2019 834 2080 διότι
879 2025 1008 2089 sumpsisti.
1025 2017 1527 2086 ueigiturnobisanlumorationeostende
1542 2018 1660 2081 justitiam

69 2113 144 2174 πάντα
167 2112 209 2173 τόν
231 2111 288 2193 βίον
312 2110 385 2172 οὐδὲν
412 2109 476 2170 άλλο
497 2113 602 2169 σκοπῶν
625 2109 792 2190 διελήλυθας,
816 2107 999 2182 deliqueritis
1013 2110 1166 2174 prestantius
1177 2109 1409 2174 esse,sedquonem
1419 2109 1493 2160 modo
1505 2110 1607 2172 utroque
1617 2121 1661 2172 per

69 2205 142 2262 τοῦτο.
199 2199 238 2279 μή
258 2191 303 2259 οὖν
322 2199 387 2275 ἡμῖν
409 2196 506 2276 ἐνδείξῃ
527 2197 605 2273 μόνον
629 2201 667 2279 τῷ
692 2196 777 2278 λόγῳ,
795 2196 835 2257 ότι
880 2199 1043 2252 minuentem
1055 2199 1173 2259 eliciens,
1187 2200 1238 2248 sire
1256 2199 1329 2249 lateat
1342 2199 1393 2248 sire
1409 2211 1458 2249 non
1475 2198 1548 2249 lateat
1560 2196 1620 2248 deos
1636 2201 1662 2247 et

40 2317 61 2354 su
70 2287 203 2360 δικαιοσύνη
220 2285 324 2353 ἀδικίας
335 2293 465 2366 κρεῖττον,
478 2284 547 2344 ἀλλά
561 2285 588 2344 τί
597 2290 709 2346 ποιοῦσα
723 2286 835 2368 ἑκατέρα
880 2287 1004 2351 imminet,
1017 2288 1091 2338 illel&
1104 2287 1208 2351 bonum,
1219 2287 1294 2338 silere
1306 2287 1397 2336 malum
1411 2287 1450 2336 sil·

70 2375 106 2436 τόν
118 2376 205 2456 ἔχοντα
220 2373 289 2447 αὖε-λ
303 2373 336 2434 δι’
349 2371 440 2448 αὑτήν,
454 2372 500 2432 ίάν
515 2395 543 2430 τε
561 2371 676 2452 λανθάνῃ
692 2372 737 2432 ἐάν
751 2396 780 2431 τε
797 2371 834 2450 μή

70 2463 130 2532 θεούς
144 2487 171 2522 τε
187 2455 233 2524 καλ
255 2459 423 2544 ἀνθρώπως,
440 2466 458 2534 ή
482 2457 529 2536 μίν
547 2458 654 2540 ἀγαθὸν,
678 2458 738 2533 ἠδὲ
754 2459 835 2519 κακόν

70 2555 124 2612 ἐστι.

103 2638 151 2699 Καί
163 2637 214 2714 ἐγὼ
225 2636 342 2705 ἀκούσας
351 2636 393 2696 ἀεὶ
403 2635 450 2715 μὲν
460 2634 492 2709 δή
501 2635 550 2709 τήν
561 2635 637 2720 φύσιν
653 2641 700 2696 τοῦ
709 2659 737 2697 τε
748 2634 836 2698 ried·
910 2643 956 2694 llis
966 2655 1010 2708 eg)
1020 2643 1122 2706 onditis,
1136 2657 1192 2694 eum
1206 2656 1300 2708 semper
1312 2645 1441 2696 Glaueuuis
1451 2649 1476 2695 et
1487 2642 1608 2695 Adimanti
1627 2645 1663 2695 ln·

39 2759 59 2798 ,ς
69 2750 139 2794 κωνος
152 2725 196 2786 καλ
211 2730 257 2786 τοῦ
273 2724 441 2803 Ἀδειμάντου
452 2725 571 2804 ἠγάμην,
586 2723 654 2808 ἀτάρ
665 2717 709 2786 σύν
719 2723 766 2784 καί
776 2723 837 2784 τότε
880 2729 978 2793 genium
993 2730 1137 2795 admirarer,
1153 2736 1212 2782 truse
1224 2745 1322 2796 quoqne
1331 2733 1486 2784 vehementer
1497 2733 1594 2783 letatus
1607 2745 1663 2782 sum

31 2815 129 2884 aegritu
140 2837 168 2892 γε
178 2813 263 2887 ἥσθην
273 2813 320 2874 καί
332 2805 414 2874 εἶπον·
426 2815 455 2873 ού
466 2817 554 2882 κακῶς
569 2816 605 2882 είς
615 2817 700 2891 sper,
712 2801 734 2871 ὦ
745 2813 839 2880 παῖδες
854 2831 872 2872 a
883 2817 980 2883 dixique
991 2838 997 2870 ε
1010 2818 1095 2884 [soen]
1104 2822 1156 2870 lion
1168 2820 1230 2871 mule
1240 2820 1265 2870 in
1276 2833 1333 2882 ros,
1348 2833 1363 2871 ο
1375 2819 1417 2871 ilii
1430 2820 1493 2871 illlus
1504 2820 1564 2883 riri,
1577 2820 1663 2884 prinei·

69 2903 153 2961 ἐκείνου
165 2907 209 2962 τοῦ
223 2901 331 2982 ἀνδρὸς,
343 2901 392 2971 τὴν
405 2899 490 2984 ἀρχὴν
504 2905 558 2962 τῶν
576 2900 695 2980 ἐλεγείων
715 2899 836 2972 ἐποίησεν
881 2906 949 2970 pium
964 2907 1086 2970 elegorum
1100 2911 1193 2958 ematur
1209 2908 1339 2959 Glonoonis
1349 2907 1473 2972 condidit,
1492 2908 1549 2971 qui,
1565 2921 1622 2958 eum
1639 2909 1664 2958 in

69 2988 235 3056 θΓλαύκωνος
246 2987 360 3070 ἐραστής
369 2988 596 3067 εὐδοκιμήσαντας
605 2988 666 3070 περὶ
685 2987 732 3060 τήν
747 2990 838 3064 Μεγα·
881 2995 1012 3058 ldegnronsl
1021 2995 1105 3059 parelio
1114 3009 1170 3051 enm
1180 2996 1310 3048 laudarem
1320 2997 1468 3061 gessisselis,
1478 2996 1664 3060 olilii,inquit,

69 3075 192 3156 ροῖμάχην
200 3075 292 3136 είπιίιν·
303 3076 571 3160 Παῖδεςλλρίσσωνος,
581 3079 684 3137 κλεινοῦ
693 3079 758 3136 θεῖον
767 3073 838 3153 γένος
883 3082 1286 3147 Δεθεθυαθε,θυοθγθθνθιθθθιθυυυι
1299 3098 1384 3149 genua.
1416 3085 1533 3135 hoemilri
1551 3087 1618 3136 recte
1638 3097 1665 3134 se

41 3194 62 3230 α)
71 3163 157 3244 ἀνδρός.
170 3163 246 3224 τοῦτό
260 3187 323 3242 μοι,
338 3155 462 3246 ὦφίλοι,
480 3159 510 3224 εἴθ
524 3167 594 3224 δοκεῖ
608 3163 689 3245 ἔχειν.
703 3163 773 3224 πάνυ
786 3160 838 3245 γάρ
883 3172 971 3224 lubere
979 3208 987 3236 ,
997 3185 1012 3222 ο
1021 3173 1106 3235 umlei,
1118 3173 1227 3237 videtur,
1239 3187 1340 3239 prorsus
1351 3175 1416 3225 enirn
1426 3173 1537 3224 divinum
1548 3174 1616 3224 vobis
1626 3187 1666 3240 ue·

70 3252 126 3311 θεῖον
140 3254 300 3325 πεπόνθατε,
319 3255 343 3310 εί
363 3251 401 3330 μὴ
415 3251 538 3312 πέπεισθε
555 3253 659 3312 ἀδικίαν
674 3250 838 3324 δικαιοσύνης
882 3259 956 3323 uidit,
968 3260 989 3311 εθ
1007 3273 1055 3312 nun
1067 3274 1211 3324 persuasum
1220 3261 1314 3312 lusbetls
1325 3262 1466 3325 injustitiam
1480 3262 1572 3325 justitia
1585 3261 1665 3312 mello·

70 3339 161 3415 άμεινον
172 3333 236 3400 εἶναι
245 3337 316 3400 οὕτω
326 3339 463 3418 δυνάμενοι
472 3341 552 3400 εἰπεῖν
562 3338 627 3424 ὑπὲρ
640 3343 729 3402 αθτοῦ.
740 3341 838 3400 δοκεῖτε
883 3362 935 3400 rem
956 3362 1023 3412 esse,
1040 3362 1096 3400 enm
1110 3350 1145 3400 sie
1161 3363 1204 3414 pro
1220 3351 1338 3403 eodieere
1349 3351 1457 3415 possitis.
1494 3351 1614 3416 jumnem
1631 3350 1665 3399 νθ-

70 3426 97 3500 δή
111 3451 152 3507 μοι
172 3431 208 3496 ὡς
224 3430 330 3500 ἀληθῶς
347 3431 376 3487 ού
395 3428 743 3512 πεπεῖσθαιτεκμαίρομαι
761 3429 789 3488 δὲ
808 3431 838 3489 ἐκ
850 3420 871 3484 b
883 3435 972 3488 demini
984 3437 1043 3488 milui
1054 3451 1080 3490 re
1092 3451 1148 3490 vers
1164 3452 1212 3489 non
1226 3452 1367 3504 persuasum
1386 3439 1490 3502 liebere3
1502 3439 1665 3500 conjecturem

70 3521 107 3576 τοῦ
121 3517 197 3576 ἀλλον
215 3523 261 3576 του“Ι
281 3515 408 3597 ύμετίρου
418 3515 533 3600 τρόπον,
547 3517 604 3578 ἐπεῖ
618 3515 687 3577 κατά
704 3539 736 3596 γε
749 3514 841 3584 αύτούς
884 3529 965 3576 sulem
976 3525 1044 3590 cepio
1062 3539 1092 3578 ex
1111 3527 1210 3590 reliquis
1222 3526 1309 3578 restris
1321 3527 1441 3588 moribus,
1453 3525 1566 3588 quonium
1578 3537 1665 3576 secun·

39 3635 60 3674 25
70 3601 119 3670 τούς
126 3603 213 3683 λόγους
221 3603 351 3676 ἠπίστουν
366 3601 397 3662 ἀν
410 3607 481 3682 ύμῖν·
491 3603 546 3685 όσιρ
555 3603 582 3664 δὲ
597 3605 698 3682 μᾶλλον
708 3601 840 3681 πιστεύω,
884 3610 944 3662 θυαε
958 3613 1090 3663 orationem
1105 3613 1182 3676 lpssm
1195 3612 1265 3662 robis
1275 3611 1409 3664 diffiderem
1419 3629 1426 3673 ;
1437 3626 1486 3676 qno
1497 3617 1577 3663 entem
1590 3611 1666 3673 magis

69 3690 173 3772 τοσούτῳ
187 3692 293 3769 μθθλλον
312 3693 403 3773 ἀπορῶ
417 3689 458 3751 ότι
474 3690 625 3772 χρήσωμαι·
639 3688 699 3750 ούτε
710 3691 760 3771 γάρ
771 3688 841 3757 όπως
885 3698 971 3761 εεεθο,
983 3711 1011 3748 eo
1021 3699 1096 3762 magis
1107 3699 1167 3762 quid
1181 3712 1250 3762 agam
1260 3699 1369 3763 ambig03
1383 3713 1439 3750 nurn
1452 3713 1531 3763 neque
1544 3698 1666 3762 quomodo

70 3781 162 3853 βοηθεῖν,
176 3777 239 3856 ίχω·
255 3779 325 3836 δοκῶ
336 3777 388 3860 γάρ
405 3800 450 3856 μοι
465 3775 588 3845 ἀδύνατος
602 3767 676 3838 εἶναι·
692 3785 800 3854 σημεῖον
814 3775 841 3836 δέ
886 3785 1013 3849 adiuvem,
1025 3787 1087 3848 seio,
1101 3787 1184 3838 videor
1199 3787 1266 3839 enirn
1284 3787 1343 3838 mihi
1355 3801 1403 3839 non
1415 3801 1499 3852 posse,
1512 3787 1585 3851 idque
1596 3801 1626 3838 ex
1637 3799 1667 3840 eo

26 3935 27 3938 γ
69 3863 456 3946 μοαύσιάπρδςθρασύμαχον
465 3864 631 3949 λέγωνῷμην
639 3865 843 3948 irrequisitum<
886 3867 1265 3940 muigo,'quodea,quibusego
1283 3889 1339 3926 eum
1353 3875 1664 3941 Thrasymachodisputsns

69 3951 163 4025 ἄμεινον
181 3951 338 4026 δικαιοσύνη
353 3953 470 4027 ἀδικίας,
482 3955 531 4014 οόκ
544 3951 705 4023 ἀπεδέξασθέ
715 3976 775 4032 μου·
789 3952 842 4012 οὔτ’
886 3962 1019 4014 ostendisse
1027 3963 1141 4027 putabam
1150 3963 1268 4026 iniustitia
1277 3964 1400 4015 meliorem
1411 3964 1604 4026 essejnstidum,
1617 3979 1667 4015 non

37 4030 220 4118 ῃαύόπεκμή
236 4042 377 4122 βοηθήσω,
390 4041 642 4126 ἔχωθόδοικαγθιρ,
676 4041 760 4115 ήοθδ
772 4040 842 4102 δαιον
886 4050 1119 4116 edmlsiatis3ueque
1129 4065 1213 4102 rursus
1223 4051 1344 4116 quomodo
1355 4065 1404 4103 non
1413 4051 1668 4118 adjurem,aeio;re·

70 4117 85 4204 ή
101 4128 310 4208 παραγενόμενον
329 4129 480 4210 δικαιοσύνῃ
498 4130 715 4212 κακηγορουμένῃ
738 4133 842 4210 ἀπαγο-
856 4147 939 4189 creor
957 4138 1021 4188 eninr
1030 4173 1038 4200 ,
1054 4153 1086 4190 ne
1102 4140 1204 4203 impium
1222 4139 1255 4190 sit
1272 4139 1416 4203 iniustitiam
1433 4153 1517 4191 eoram
1534 4141 1666 4206 vituperari

70 4213 141 4294 ρεύειν
159 4216 204 4277 καὶ
225 4215 264 4295 μή
291 4221 395 4295 βοηθεῖν
419 4216 460 4277 ἔτι
478 4219 625 4296 ἐμπνέοντα
639 4218 685 4278 καί
699 4220 841 4296 δυνάμενον
885 4225 1022 4278 audientem
1038 4227 1203 4288 subterfugere
1220 4240 1299 4291 neque
1316 4241 1360 4291 pro
1376 4229 1428 4291 eius
1444 4228 1583 4279 detentione
1594 4230 1668 4280 verbs

70 4301 223 4380 φθέγγεσθαι.
238 4305 381 4384 κράτιστον
395 4298 439 4364 ούν
453 4303 550 4380 ούτως,
564 4305 633 4374 ὅπως
645 4305 776 4384 δύναμαι,
789 4309 842 4366 ἔπι·
886 4315 962 4366 lacere
973 4313 1087 4378 quamdiu
1098 4315 1188 4378 spirare
1197 4315 1295 4379 etloqul
1303 4315 1457 4366 ooneedslur.
1468 4317 1584 4381 optimum
1595 4317 1667 4378 igitur

69 4398 159 4472 κωρεῖν
172 4393 251 4472 αὐτῇ.
267 4389 343 4454 Ὅτε
353 4383 398 4453 ούν
410 4393 537 4454 Γλαύκων
552 4393 598 4454 καί
613 4397 637 4454 οἱ
651 4393 727 4454 άλλοι
741 4394 842 4454 ἔδίοντο
885 4402 1191 4467 iuerlttentum,qnentum
1202 4417 1311 4467 μοιευυε,
1321 4404 1469 4455 ιυεθΙθυιεεθ
1479 4405 1549 4456 ierre.
1558 4431 1591 4441 —
1600 4408 1668 4456 Tune

40 4503 60 4540 ιι
70 4477 139 4534 παντὶ
152 4479 243 4561 τρόπῳ
258 4484 390 4559 βοηθῆσαι
403 4480 497 4558 καὶμὴ
511 4484 611 4541 ἀνεῖναι
619 4479 664 4540 τδν
675 4481 761 4560 λόγον,
773 4479 843 4540 ἀλλά
886 4490 977 4540 Glauce
987 4494 1012 4540 et
1025 4491 1097 4542 eetari
1109 4494 1238 4554 rogsrunl,
1252 4493 1280 4542 ut
1291 4493 1357 4542 omni
1367 4491 1438 4542 modo
1446 4493 1573 4542 ευιθθθυεετ
1584 4506 1663 4556 neque

70 4565 292 4645 διερευνήσασθαι,
304 4567 330 4627 τί
341 4568 364 4626 τ’
376 4567 446 4628 ἔστιν
456 4569 578 4651 ἑκάτερον
591 4569 637 4631 καί
650 4569 711 4652 περὶ
723 4574 768 4642 τῆς
779 4571 845 4650 dupe·
887 4577 1073 4642 disputationem
1089 4579 1263 4643 relinquerem,
1279 4579 1322 4630 sed
1341 4581 1515 4645 perscrutarer,
1529 4579 1588 4634 quid
1603 4582 1669 4630 esset

68 4651 130 4720 λείας
139 4657 226 4713 αὐτοῖν
238 4656 354 4726 τάληθὲς
362 4657 477 4738 ποτέρως
487 4657 552 4739 ἔχει,
560 4649 644 4719 Εἶπον
655 4649 699 4717 σύν
709 4657 774 4739 όπερ
784 4657 843 4736 ἐμοὶ
888 4671 1032 4728 utrumqne,
1045 4680 1148 4730 querque
1160 4681 1186 4717 re
1198 4681 1254 4719 rere
1272 4661 1399 4732 utriusque
1414 4667 1512 4717 utilitss.
1526 4665 1580 4718 lilii
1594 4667 1669 4730 igilur

70 4737 152 4813 ἔδοξεν,
174 4740 216 4801 ότι
234 4743 267 4802 τὸ
289 4744 412 4822 ζήτημα,
436 4737 458 4828 ᾧ
481 4749 673 4829 ἐπιχειροῦμεν,
691 4747 844 4860 οθφαῦλον,
888 4753 953 4818 quod
970 4737 1102 4805 sentiebonr
1119 4756 1249 4813 :Quaestio
1266 4757 1332 4818 hmo,
1351 4768 1423 4820 quem
1441 4754 1602 4817 aggredimur,
1620 4769 1668 4805 non

69 4827 118 4886 ἀλλ’
131 4826 173 4896 did
187 4829 347 4908 βλίττοντες,
357 4835 392 4899 ὡς
404 4832 463 4910 ἐμοὶ
472 4833 600 4914 φαίνεται.
613 4832 701 4906 ἐπειδὴ
711 4857 756 4893 ουν
766 4835 875 4913 ήμεθςά
889 4842 973 4905 exigue
984 4847 1035 4903 est,
1045 4842 1087 4893 sed
1100 4843 1203 4894 hominis
1219 4847 1289 4895 seule
1306 4845 1440 4905 cernentis,
1454 4847 1480 4893 nt
1492 4843 1551 4893 milii
1563 4843 1667 4894 ridetur.

41 4933 60 4970 su
70 4913 94 4968 οό
106 4915 194 4989 δεινοί,
210 4917 284 4977 δοκεῖ
302 4942 364 4994 μοι,
378 4911 411 4992 ἦν
427 4921 449 4979 δ’
463 4919 533 5000 ἐγὼ,
551 4918 673 4993 τοιαύτην
685 4921 845 4992 ποιήσασθαι
896 4929 1007 4994 quonism
1019 4931 1090 4992 igitur
1108 4944 1210 4980 nosnon
1220 4930 1350 4994 plurimum
1359 4931 1492 4994 pollemus,
1504 4931 1616 4994 perinde,
1632 4930 1669 4979 in·

70 4997 166 5074 ζήτησιν
180 5009 280 5079 αὐτοῦ,
295 5004 403 5088 οίανπερ
415 5005 446 5065 θν
459 5009 482 5066 εί
493 5006 637 5088 προσέταξέ
648 5031 686 5074 τις
699 5007 845 5088 γράμματα
889 5031 971 5082 quam,
976 5032 1028 5069 rem
1037 5019 1389 5082 inrestignndsmesseeeuseo,
1398 5031 1427 5068 se
1436 5019 1456 5068 si
1467 5018 1521 5081 quis
1531 5031 1579 5068 non
1588 5017 1670 5068 odnro-

71 5087 160 5168 σμυιρθι
172 5090 309 5172 πόρρωθεν
323 5094 472 5171 ἀναγνῶναι
493 5093 531 5172 μή
551 5093 621 5154 πάνυ
636 5093 679 5164 όξύ
695 5093 845 5174 βλέπουσιν,
890 5105 947 5156 dum
957 5111 1027 5158 seule
1035 5106 1188 5158 cernentibus
1197 5107 1289 5157 litteras
1298 5119 1406 5171 perisse
1416 5105 1546 5169 longinquo
1558 5104 1670 5168 legendas

71 5170 151 5234 ίπειτά
169 5202 208 5248 τις
221 5179 370 5255 ἐνενόησεν,
384 5179 425 5240 ότι
438 5179 472 5240 εά
487 5180 554 5242 uiri
564 5182 711 5263 γράμματα
725 5181 781 5242 ἔστι
794 5207 845 5244 που
890 5196 1062 5256 proposuisset,
1069 5194 1155 5246 deinde
1162 5193 1371 5246 animadvertisset
1378 5194 1475 5245 easdem
1487 5193 1573 5256 uliquis
1578 5192 1670 5242 litteras

70 5260 110 5320 καί
125 5263 212 5328 α’λλοθι
224 5269 309 5348 μείζω
321 5292 351 5328 τε
362 5269 408 5328 καί
421 5271 447 5330 ἐν
460 5271 567 5349 μείζονι·
581 5269 688 5353 ἕρμαιον
702 5269 734 5330 ἀν
748 5269 845 5352 ἐφάνη,
888 5287 941 5328 esse
951 5280 1007 5331 alibi
1020 5283 1043 5330 in
1055 5281 1136 5344 mejeri
1152 5280 1256 5344 quodam
1268 5281 1320 5332 loeo
1338 5283 1440 5344 majores
1456 5297 1463 5332 ε
1482 5283 1670 5344 peropportune,
