<?xml version="1.0" encoding="UTF-8"?>
<!DOCTYPE html PUBLIC "-//W3C//DTD XHTML 1.0 Transitional//EN"
    "http://www.w3.org/TR/xhtml1/DTD/xhtml1-transitional.dtd">
<html xmlns="http://www.w3.org/1999/xhtml" xml:lang="en" lang="en">
 <head>
  <title>
</title>
<meta http-equiv="Content-Type" content="text/html;charset=utf-8" />
  <meta name='ocr-system' content='tesseract 3.04.00' />
  <meta name='ocr-capabilities' content='ocr_page ocr_carea ocr_par ocr_line ocrx_word'/>
</head>
<body>
  <div class='ocr_page' id='page_1' title='image "./platonisopera00hunzgoog/platonisopera00hunzgoog_0439.png"; bbox 0 0 3864 5848; ppageno 0'>
   <div class='ocr_carea' id='block_1_1' title="bbox 314 479 1896 554">
    <p class='ocr_par' dir='ltr' id='par_1_1' title="bbox 314 479 1896 554">
     <span class='ocr_line' id='line_1_1' title="bbox 314 479 1896 554; baseline -0.001 -14"><span class='ocrx_word' id='word_1_1' title='bbox 314 487 373 540; x_wconf 78' lang='lat' dir='ltr'>tle</span> <span class='ocrx_word' id='word_1_2' title='bbox 969 479 1106 542; x_wconf 82' lang='grc' dir='ltr'><strong>ΝΟΜΩΝ</strong></span> <span class='ocrx_word' id='word_1_3' title='bbox 1128 481 1223 541; x_wconf 73' lang='lat' dir='ltr'>illitu</span> <span class='ocrx_word' id='word_1_4' title='bbox 1244 479 1281 540; x_wconf 83' lang='grc' dir='ltr'>Θ.</span> <span class='ocrx_word' id='word_1_5' title='bbox 1800 483 1896 554; x_wconf 64' lang='grc' dir='ltr'>(ποιαί</span> 
     </span>
    </p>
   </div>
   <div class='ocr_carea' id='block_1_2' title="bbox 260 608 1901 3716">
    <p class='ocr_par' dir='ltr' id='par_1_2' title="bbox 260 608 1901 3716">
     <span class='ocr_line' id='line_1_2' title="bbox 313 608 1894 694; baseline 0.001 -27"><span class='ocrx_word' id='word_1_6' title='bbox 313 608 403 687; x_wconf 98' lang='grc' dir='ltr'>μάτων</span> <span class='ocrx_word' id='word_1_7' title='bbox 425 609 531 669; x_wconf 89' lang='grc' dir='ltr'>πάντων</span> <span class='ocrx_word' id='word_1_8' title='bbox 550 609 596 669; x_wconf 86' lang='grc' dir='ltr'>καί</span> <span class='ocrx_word' id='word_1_9' title='bbox 611 613 711 670; x_wconf 80' lang='grc' dir='ltr'>σκευῶν</span> <span class='ocrx_word' id='word_1_10' title='bbox 729 609 831 669; x_wconf 77' lang='grc' dir='ltr'>ὁπόσων</span> <span class='ocrx_word' id='word_1_11' title='bbox 849 608 983 670; x_wconf 73' lang='grc' dir='ltr'>ἑκάστοισι</span> <span class='ocrx_word' id='word_1_12' title='bbox 1000 613 1097 694; x_wconf 87' lang='grc' dir='ltr'>χρεία,</span> <span class='ocrx_word' id='word_1_13' title='bbox 1145 620 1218 668; x_wconf 82' lang='lat' dir='ltr'>volet.</span> <span class='ocrx_word' id='word_1_14' title='bbox 1238 620 1382 682; x_wconf 83' lang='lat' dir='ltr'>reliquorum</span> <span class='ocrx_word' id='word_1_15' title='bbox 1395 623 1476 668; x_wconf 83' lang='lat' dir='ltr'>uulun</span> <span class='ocrx_word' id='word_1_16' title='bbox 1490 633 1570 669; x_wconf 78' lang='lat' dir='ltr'>rerum</span> <span class='ocrx_word' id='word_1_17' title='bbox 1583 621 1692 670; x_wconf 87' lang='lat' dir='ltr'>emnium</span> <span class='ocrx_word' id='word_1_18' title='bbox 1705 625 1727 669; x_wconf 88' lang='lat' dir='ltr'>rl</span> <span class='ocrx_word' id='word_1_19' title='bbox 1744 635 1854 679; x_wconf 65' lang='lat' dir='ltr'>ursorum,</span> <span class='ocrx_word' id='word_1_20' title='bbox 1867 629 1894 683; x_wconf 76' lang='lat' dir='ltr'>qn</span> 
     </span>
     <span class='ocr_line' id='line_1_3' title="bbox 312 698 1901 780; baseline 0 -23"><span class='ocrx_word' id='word_1_21' title='bbox 312 701 410 758; x_wconf 86' lang='grc' dir='ltr'>πωλεῖν</span> <span class='ocrx_word' id='word_1_22' title='bbox 431 702 466 767; x_wconf 86' lang='grc' dir='ltr'>εἷς</span> <span class='ocrx_word' id='word_1_23' title='bbox 483 699 530 769; x_wconf 74' lang='grc' dir='ltr'>τὴν</span> <span class='ocrx_word' id='word_1_24' title='bbox 549 698 637 769; x_wconf 77' lang='grc' dir='ltr'>κοινὴν</span> <span class='ocrx_word' id='word_1_25' title='bbox 656 698 752 780; x_wconf 79' lang='grc' dir='ltr'>ἀγορὰν</span> <span class='ocrx_word' id='word_1_26' title='bbox 768 699 892 780; x_wconf 88' lang='grc' dir='ltr'>φέροντας</span> <span class='ocrx_word' id='word_1_27' title='bbox 910 702 946 768; x_wconf 83' lang='grc' dir='ltr'>είς</span> <span class='ocrx_word' id='word_1_28' title='bbox 960 701 1004 760; x_wconf 84' lang='grc' dir='ltr'>τὸν</span> <span class='ocrx_word' id='word_1_29' title='bbox 1020 703 1098 760; x_wconf 87' lang='grc' dir='ltr'>τόπον</span> <span class='ocrx_word' id='word_1_30' title='bbox 1147 709 1191 758; x_wconf 76' lang='lat' dir='ltr'>liris</span> <span class='ocrx_word' id='word_1_31' title='bbox 1209 709 1295 770; x_wconf 78' lang='lat' dir='ltr'>singuli</span> <span class='ocrx_word' id='word_1_32' title='bbox 1312 708 1430 772; x_wconf 81' lang='lat' dir='ltr'>indigent,</span> <span class='ocrx_word' id='word_1_33' title='bbox 1451 710 1557 759; x_wconf 82' lang='lat' dir='ltr'>rendunt</span> <span class='ocrx_word' id='word_1_34' title='bbox 1570 723 1700 759; x_wconf 87' lang='lat' dir='ltr'>commune</span> <span class='ocrx_word' id='word_1_35' title='bbox 1717 711 1742 758; x_wconf 90' lang='lat' dir='ltr'>iu</span> <span class='ocrx_word' id='word_1_36' title='bbox 1759 712 1833 759; x_wconf 84' lang='lat' dir='ltr'>toruur</span> <span class='ocrx_word' id='word_1_37' title='bbox 1846 725 1901 758; x_wconf 60' lang='lat' dir='ltr'>‹uuir-</span> 
     </span>
     <span class='ocr_line' id='line_1_4' title="bbox 312 778 1901 869; baseline 0.001 -23"><span class='ocrx_word' id='word_1_38' title='bbox 312 787 434 865; x_wconf 68' lang='grc' dir='ltr'>ἕκαστον,</span> <span class='ocrx_word' id='word_1_39' title='bbox 450 790 476 845; x_wconf 86' lang='grc' dir='ltr'>έν</span> <span class='ocrx_word' id='word_1_40' title='bbox 489 778 526 853; x_wconf 81' lang='grc' dir='ltr'>οἷς</span> <span class='ocrx_word' id='word_1_41' title='bbox 539 785 569 845; x_wconf 84' lang='grc' dir='ltr'>διν</span> <span class='ocrx_word' id='word_1_42' title='bbox 582 785 760 868; x_wconf 88' lang='grc' dir='ltr'>νομοφύλακές</span> <span class='ocrx_word' id='word_1_43' title='bbox 771 810 799 844; x_wconf 86' lang='grc' dir='ltr'>τε</span> <span class='ocrx_word' id='word_1_44' title='bbox 816 787 860 846; x_wconf 83' lang='grc' dir='ltr'>καὶ</span> <span class='ocrx_word' id='word_1_45' title='bbox 871 789 1030 869; x_wconf 88' lang='grc' dir='ltr'>ἀγορανόμοι</span> <span class='ocrx_word' id='word_1_46' title='bbox 1043 788 1099 866; x_wconf 86' lang='grc' dir='ltr'>μετ’</span> <span class='ocrx_word' id='word_1_47' title='bbox 1146 801 1226 847; x_wconf 86' lang='lat' dir='ltr'>rentes</span> <span class='ocrx_word' id='word_1_48' title='bbox 1239 811 1294 846; x_wconf 87' lang='lat' dir='ltr'>eum</span> <span class='ocrx_word' id='word_1_49' title='bbox 1308 798 1331 847; x_wconf 93' lang='lat' dir='ltr'>in</span> <span class='ocrx_word' id='word_1_50' title='bbox 1343 798 1424 848; x_wconf 88' lang='lat' dir='ltr'>locum</span> <span class='ocrx_word' id='word_1_51' title='bbox 1440 799 1571 862; x_wconf 84' lang='lat' dir='ltr'>qrrudque,</span> <span class='ocrx_word' id='word_1_52' title='bbox 1590 801 1680 862; x_wconf 85' lang='lat' dir='ltr'>qrribus</span> <span class='ocrx_word' id='word_1_53' title='bbox 1694 801 1718 849; x_wconf 91' lang='lat' dir='ltr'>in</span> <span class='ocrx_word' id='word_1_54' title='bbox 1732 801 1790 849; x_wconf 87' lang='lat' dir='ltr'>loeis</span> <span class='ocrx_word' id='word_1_55' title='bbox 1801 800 1901 861; x_wconf 70' lang='lat' dir='ltr'>tegulum</span> 
     </span>
     <span class='ocr_line' id='line_1_5' title="bbox 313 875 1901 960; baseline 0.001 -26"><span class='ocrx_word' id='word_1_56' title='bbox 313 877 466 948; x_wconf 79' lang='grc' dir='ltr'>ἀστυνόμων</span> <span class='ocrx_word' id='word_1_57' title='bbox 481 876 676 957; x_wconf 81' lang='grc' dir='ltr'>τεκμηράμενοι</span> <span class='ocrx_word' id='word_1_58' title='bbox 693 875 770 956; x_wconf 76' lang='grc' dir='ltr'>ἕδρας</span> <span class='ocrx_word' id='word_1_59' title='bbox 783 878 934 956; x_wconf 83' lang='grc' dir='ltr'>πρεπούσας</span> <span class='ocrx_word' id='word_1_60' title='bbox 946 879 1020 960; x_wconf 80' lang='grc' dir='ltr'>ὅρους</span> <span class='ocrx_word' id='word_1_61' title='bbox 1034 883 1099 938; x_wconf 85' lang='grc' dir='ltr'>θῶν·</span> <span class='ocrx_word' id='word_1_62' title='bbox 1145 885 1227 936; x_wconf 86' lang='lat' dir='ltr'>studes</span> <span class='ocrx_word' id='word_1_63' title='bbox 1238 889 1262 936; x_wconf 88' lang='lat' dir='ltr'>el</span> <span class='ocrx_word' id='word_1_64' title='bbox 1277 888 1321 936; x_wconf 88' lang='lat' dir='ltr'>luri</span> <span class='ocrx_word' id='word_1_65' title='bbox 1335 887 1441 949; x_wconf 77' lang='lat' dir='ltr'>magistri</span> <span class='ocrx_word' id='word_1_66' title='bbox 1456 903 1511 937; x_wconf 90' lang='lat' dir='ltr'>curu</span> <span class='ocrx_word' id='word_1_67' title='bbox 1527 889 1593 937; x_wconf 87' lang='lat' dir='ltr'>urbls</span> <span class='ocrx_word' id='word_1_68' title='bbox 1608 889 1728 950; x_wconf 70' lang='lat' dir='ltr'><strong>magistris</strong></span> <span class='ocrx_word' id='word_1_69' title='bbox 1738 889 1831 936; x_wconf 86' lang='lat' dir='ltr'>sedibus</span> <span class='ocrx_word' id='word_1_70' title='bbox 1842 904 1901 936; x_wconf 58' lang='lat' dir='ltr'>runis</span> 
     </span>
     <span class='ocr_line' id='line_1_6' title="bbox 279 964 1901 1048; baseline 0.002 -24"><span class='ocrx_word' id='word_1_71' title='bbox 279 995 289 1031; x_wconf 77' lang='grc' dir='ltr'>ι</span> <span class='ocrx_word' id='word_1_72' title='bbox 312 991 356 1024; x_wconf 93' lang='grc' dir='ltr'>ται</span> <span class='ocrx_word' id='word_1_73' title='bbox 379 971 430 1024; x_wconf 81' lang='grc' dir='ltr'>τῶν</span> <span class='ocrx_word' id='word_1_74' title='bbox 452 966 551 1023; x_wconf 84' lang='grc' dir='ltr'>ὠνίων·</span> <span class='ocrx_word' id='word_1_75' title='bbox 575 967 600 1022; x_wconf 83' lang='grc' dir='ltr'>ἐν</span> <span class='ocrx_word' id='word_1_76' title='bbox 620 964 720 1032; x_wconf 84' lang='grc' dir='ltr'>τούτοις</span> <span class='ocrx_word' id='word_1_77' title='bbox 739 966 914 1025; x_wconf 79' lang='grc' dir='ltr'>ἀλλάττεσθαι</span> <span class='ocrx_word' id='word_1_78' title='bbox 934 968 1052 1048; x_wconf 87' lang='grc' dir='ltr'>νόμισμά</span> <span class='ocrx_word' id='word_1_79' title='bbox 1072 992 1100 1026; x_wconf 90' lang='grc' dir='ltr'>τε</span> <span class='ocrx_word' id='word_1_80' title='bbox 1146 977 1268 1026; x_wconf 87' lang='lat' dir='ltr'>utentibus</span> <span class='ocrx_word' id='word_1_81' title='bbox 1277 977 1405 1039; x_wconf 80' lang='lat' dir='ltr'>‹lesigmtis</span> <span class='ocrx_word' id='word_1_82' title='bbox 1415 977 1474 1026; x_wconf 78' lang='lat' dir='ltr'>lines</span> <span class='ocrx_word' id='word_1_83' title='bbox 1482 977 1648 1027; x_wconf 87' lang='lat' dir='ltr'>constituerint</span> <span class='ocrx_word' id='word_1_84' title='bbox 1660 992 1743 1026; x_wconf 86' lang='lat' dir='ltr'>renun</span> <span class='ocrx_word' id='word_1_85' title='bbox 1754 978 1901 1028; x_wconf 72' lang='lat' dir='ltr'>renulirnutti</span> 
     </span>
     <span class='ocr_line' id='line_1_7' title="bbox 312 1052 1901 1136; baseline 0 -24"><span class='ocrx_word' id='word_1_86' title='bbox 312 1055 459 1136; x_wconf 83' lang='grc' dir='ltr'>χρημάτων</span> <span class='ocrx_word' id='word_1_87' title='bbox 482 1054 526 1112; x_wconf 88' lang='grc' dir='ltr'>καί</span> <span class='ocrx_word' id='word_1_88' title='bbox 543 1052 671 1134; x_wconf 76' lang='grc' dir='ltr'>χρήματα</span> <span class='ocrx_word' id='word_1_89' title='bbox 689 1053 866 1130; x_wconf 89' lang='grc' dir='ltr'>νομίσματος,</span> <span class='ocrx_word' id='word_1_90' title='bbox 890 1053 927 1131; x_wconf 78' lang='grc' dir='ltr'>μὴ</span> <span class='ocrx_word' id='word_1_91' title='bbox 946 1057 1099 1136; x_wconf 79' lang='grc' dir='ltr'>προϊέμενον</span> <span class='ocrx_word' id='word_1_92' title='bbox 1146 1077 1183 1114; x_wconf 83' lang='lat' dir='ltr'>res</span> <span class='ocrx_word' id='word_1_93' title='bbox 1202 1077 1303 1114; x_wconf 87' lang='lat' dir='ltr'>nummu</span> <span class='ocrx_word' id='word_1_94' title='bbox 1321 1069 1345 1114; x_wconf 85' lang='lat' dir='ltr'>et</span> <span class='ocrx_word' id='word_1_95' title='bbox 1359 1078 1487 1114; x_wconf 88' lang='lat' dir='ltr'>nummum</span> <span class='ocrx_word' id='word_1_96' title='bbox 1507 1065 1578 1114; x_wconf 87' lang='lat' dir='ltr'>rebus</span> <span class='ocrx_word' id='word_1_97' title='bbox 1596 1069 1734 1127; x_wconf 78' lang='lat' dir='ltr'>permutet,</span> <span class='ocrx_word' id='word_1_98' title='bbox 1755 1079 1803 1113; x_wconf 89' lang='lat' dir='ltr'>non</span> <span class='ocrx_word' id='word_1_99' title='bbox 1819 1068 1869 1113; x_wconf 66' lang='lat' dir='ltr'>aliu&lt;</span> <span class='ocrx_word' id='word_1_100' title='bbox 1882 1069 1901 1116; x_wconf 73' lang='lat' dir='ltr'>dl</span> 
     </span>
     <span class='ocr_line' id='line_1_8' title="bbox 312 1142 1890 1226; baseline -0.001 -24"><span class='ocrx_word' id='word_1_101' title='bbox 312 1143 391 1202; x_wconf 71' lang='grc' dir='ltr'>ἀλλον</span> <span class='ocrx_word' id='word_1_102' title='bbox 405 1143 484 1226; x_wconf 76' lang='grc' dir='ltr'>ἑτέρῳ</span> <span class='ocrx_word' id='word_1_103' title='bbox 494 1142 541 1215; x_wconf 75' lang='grc' dir='ltr'>τὴν</span> <span class='ocrx_word' id='word_1_104' title='bbox 553 1143 686 1221; x_wconf 78' lang='grc' dir='ltr'>ἀλλαγήν·</span> <span class='ocrx_word' id='word_1_105' title='bbox 697 1148 710 1201; x_wconf 81' lang='grc' dir='ltr'>ὁ</span> <span class='ocrx_word' id='word_1_106' title='bbox 722 1143 749 1202; x_wconf 83' lang='grc' dir='ltr'>δὲ</span> <span class='ocrx_word' id='word_1_107' title='bbox 761 1142 903 1222; x_wconf 82' lang='grc' dir='ltr'>προέμενος</span> <span class='ocrx_word' id='word_1_108' title='bbox 914 1149 948 1212; x_wconf 87' lang='grc' dir='ltr'>ὡς</span> <span class='ocrx_word' id='word_1_109' title='bbox 958 1145 1099 1220; x_wconf 81' lang='grc' dir='ltr'>πιστεύων,</span> <span class='ocrx_word' id='word_1_110' title='bbox 1145 1155 1346 1216; x_wconf 65' lang='lat' dir='ltr'>permutationem</span> <span class='ocrx_word' id='word_1_111' title='bbox 1366 1155 1523 1217; x_wconf 85' lang='lat' dir='ltr'>permittens;</span> <span class='ocrx_word' id='word_1_112' title='bbox 1541 1156 1582 1218; x_wconf 84' lang='lat' dir='ltr'>qui</span> <span class='ocrx_word' id='word_1_113' title='bbox 1598 1169 1656 1203; x_wconf 81' lang='lat' dir='ltr'>vero</span> <span class='ocrx_word' id='word_1_114' title='bbox 1671 1155 1811 1216; x_wconf 78' lang='lat' dir='ltr'>permiserit</span> <span class='ocrx_word' id='word_1_115' title='bbox 1824 1159 1847 1202; x_wconf 90' lang='lat' dir='ltr'>ul</span> <span class='ocrx_word' id='word_1_116' title='bbox 1860 1154 1890 1202; x_wconf 85' lang='lat' dir='ltr'>til</span> 
     </span>
     <span class='ocr_line' id='line_1_9' title="bbox 312 1231 1898 1312; baseline -0.003 -20"><span class='ocrx_word' id='word_1_117' title='bbox 312 1234 358 1292; x_wconf 80' lang='grc' dir='ltr'>ἐάν</span> <span class='ocrx_word' id='word_1_118' title='bbox 373 1257 400 1290; x_wconf 89' lang='grc' dir='ltr'>τε</span> <span class='ocrx_word' id='word_1_119' title='bbox 415 1233 558 1310; x_wconf 80' lang='grc' dir='ltr'>κομίσηται</span> <span class='ocrx_word' id='word_1_120' title='bbox 572 1233 617 1292; x_wconf 86' lang='grc' dir='ltr'>καί</span> <span class='ocrx_word' id='word_1_121' title='bbox 630 1231 661 1292; x_wconf 87' lang='grc' dir='ltr'>ἀν</span> <span class='ocrx_word' id='word_1_122' title='bbox 675 1232 722 1310; x_wconf 74' lang='grc' dir='ltr'>μὴ,</span> <span class='ocrx_word' id='word_1_123' title='bbox 737 1233 868 1312; x_wconf 77' lang='grc' dir='ltr'>στεργέτω</span> <span class='ocrx_word' id='word_1_124' title='bbox 879 1237 914 1302; x_wconf 86' lang='grc' dir='ltr'>ὠς</span> <span class='ocrx_word' id='word_1_125' title='bbox 926 1235 1012 1293; x_wconf 84' lang='grc' dir='ltr'>οὐκέτι</span> <span class='ocrx_word' id='word_1_126' title='bbox 1027 1237 1100 1306; x_wconf 82' lang='grc' dir='ltr'>δίκης</span> <span class='ocrx_word' id='word_1_127' title='bbox 1145 1241 1245 1302; x_wconf 83' lang='lat' dir='ltr'>habens,</span> <span class='ocrx_word' id='word_1_128' title='bbox 1259 1241 1339 1291; x_wconf 77' lang='lat' dir='ltr'>iscire</span> <span class='ocrx_word' id='word_1_129' title='bbox 1350 1243 1469 1305; x_wconf 80' lang='lat' dir='ltr'>acceperit</span> <span class='ocrx_word' id='word_1_130' title='bbox 1480 1244 1531 1292; x_wconf 86' lang='lat' dir='ltr'>sire</span> <span class='ocrx_word' id='word_1_131' title='bbox 1545 1243 1637 1302; x_wconf 78' lang='lat' dir='ltr'>nunus,</span> <span class='ocrx_word' id='word_1_132' title='bbox 1656 1246 1789 1292; x_wconf 84' lang='lat' dir='ltr'>contentus</span> <span class='ocrx_word' id='word_1_133' title='bbox 1800 1247 1854 1300; x_wconf 81' lang='lat' dir='ltr'>esto,</span> <span class='ocrx_word' id='word_1_134' title='bbox 1865 1260 1898 1303; x_wconf 57' lang='grc' dir='ltr'>γι,</span> 
     </span>
     <span class='ocr_line' id='line_1_10' title="bbox 260 1321 1901 1401; baseline -0.001 -19"><span class='ocrx_word' id='word_1_135' title='bbox 260 1321 390 1395; x_wconf 62' lang='grc' dir='ltr'>ςᾱςούσης</span> <span class='ocrx_word' id='word_1_136' title='bbox 412 1326 462 1381; x_wconf 84' lang='grc' dir='ltr'>τῶν</span> <span class='ocrx_word' id='word_1_137' title='bbox 481 1322 604 1381; x_wconf 87' lang='grc' dir='ltr'>τοιούτων</span> <span class='ocrx_word' id='word_1_138' title='bbox 623 1322 684 1401; x_wconf 90' lang='grc' dir='ltr'>πέρι</span> <span class='ocrx_word' id='word_1_139' title='bbox 704 1323 896 1392; x_wconf 76' lang='grc' dir='ltr'>συναλλάξεων.</span> <span class='ocrx_word' id='word_1_140' title='bbox 913 1324 943 1382; x_wconf 88' lang='grc' dir='ltr'>τδ</span> <span class='ocrx_word' id='word_1_141' title='bbox 959 1323 987 1382; x_wconf 81' lang='grc' dir='ltr'>δέ</span> <span class='ocrx_word' id='word_1_142' title='bbox 1001 1325 1100 1396; x_wconf 78' lang='grc' dir='ltr'>ὠνηθέν</span> <span class='ocrx_word' id='word_1_143' title='bbox 1115 1345 1130 1384; x_wconf 80' lang='lat' dir='ltr'>u</span> <span class='ocrx_word' id='word_1_144' title='bbox 1147 1331 1212 1378; x_wconf 82' lang='lat' dir='ltr'>nulla</span> <span class='ocrx_word' id='word_1_145' title='bbox 1237 1332 1340 1394; x_wconf 84' lang='lat' dir='ltr'>emplius</span> <span class='ocrx_word' id='word_1_146' title='bbox 1362 1331 1434 1380; x_wconf 70' lang='lat' dir='ltr'>ulatur</span> <span class='ocrx_word' id='word_1_147' title='bbox 1457 1331 1575 1396; x_wconf 84' lang='lat' dir='ltr'>ejrrsmodl</span> <span class='ocrx_word' id='word_1_148' title='bbox 1599 1331 1789 1394; x_wconf 74' lang='lat' dir='ltr'>permutationis</span> <span class='ocrx_word' id='word_1_149' title='bbox 1812 1344 1860 1378; x_wconf 87' lang='lat' dir='ltr'>curn</span> <span class='ocrx_word' id='word_1_150' title='bbox 1878 1333 1901 1380; x_wconf 70' lang='lat' dir='ltr'>eiu</span> 
     </span>
     <span class='ocr_line' id='line_1_11' title="bbox 273 1402 1898 1493; baseline -0.001 -23"><span class='ocrx_word' id='word_1_151' title='bbox 273 1443 296 1478; x_wconf 75' lang='grc' dir='ltr'>ιο</span> <span class='ocrx_word' id='word_1_152' title='bbox 310 1411 328 1484; x_wconf 78' lang='grc' dir='ltr'>ἢ</span> <span class='ocrx_word' id='word_1_153' title='bbox 339 1412 437 1490; x_wconf 84' lang='grc' dir='ltr'>πραθὲν</span> <span class='ocrx_word' id='word_1_154' title='bbox 447 1411 501 1493; x_wconf 74' lang='grc' dir='ltr'>όσιγι</span> <span class='ocrx_word' id='word_1_155' title='bbox 511 1410 589 1470; x_wconf 80' lang='grc' dir='ltr'>πλέον</span> <span class='ocrx_word' id='word_1_156' title='bbox 601 1409 631 1472; x_wconf 83' lang='grc' dir='ltr'>ἀν</span> <span class='ocrx_word' id='word_1_157' title='bbox 642 1402 658 1492; x_wconf 77' lang='grc' dir='ltr'>ᾖ</span> <span class='ocrx_word' id='word_1_158' title='bbox 669 1410 714 1470; x_wconf 84' lang='grc' dir='ltr'>καὶ</span> <span class='ocrx_word' id='word_1_159' title='bbox 724 1411 839 1482; x_wconf 87' lang='grc' dir='ltr'>πλέονος,</span> <span class='ocrx_word' id='word_1_160' title='bbox 848 1410 866 1484; x_wconf 79' lang='grc' dir='ltr'>ἢ</span> <span class='ocrx_word' id='word_1_161' title='bbox 876 1412 946 1471; x_wconf 76' lang='grc' dir='ltr'>κατὰ</span> <span class='ocrx_word' id='word_1_162' title='bbox 956 1412 999 1471; x_wconf 85' lang='grc' dir='ltr'>τὸν</span> <span class='ocrx_word' id='word_1_163' title='bbox 1010 1414 1099 1490; x_wconf 89' lang='grc' dir='ltr'>νόμον,</span> <span class='ocrx_word' id='word_1_164' title='bbox 1145 1421 1331 1469; x_wconf 78' lang='lat' dir='ltr'>communiuntur</span> <span class='ocrx_word' id='word_1_165' title='bbox 1354 1421 1425 1470; x_wconf 77' lang='lat' dir='ltr'>ectio.</span> <span class='ocrx_word' id='word_1_166' title='bbox 1447 1424 1557 1483; x_wconf 89' lang='lat' dir='ltr'>emplum</span> <span class='ocrx_word' id='word_1_167' title='bbox 1577 1425 1658 1470; x_wconf 82' lang='lat' dir='ltr'>eutem</span> <span class='ocrx_word' id='word_1_168' title='bbox 1671 1421 1709 1469; x_wconf 83' lang='lat' dir='ltr'>vel</span> <span class='ocrx_word' id='word_1_169' title='bbox 1734 1420 1855 1469; x_wconf 75' lang='lat' dir='ltr'>vendimur</span> <span class='ocrx_word' id='word_1_170' title='bbox 1872 1435 1898 1468; x_wconf 84' lang='lat' dir='ltr'>ru</span> 
     </span>
     <span class='ocr_line' id='line_1_12' title="bbox 310 1499 1898 1586; baseline -0.003 -27"><span class='ocrx_word' id='word_1_171' title='bbox 310 1500 337 1568; x_wconf 86' lang='grc' dir='ltr'>θς</span> <span class='ocrx_word' id='word_1_172' title='bbox 352 1501 454 1580; x_wconf 86' lang='grc' dir='ltr'>εἴρηκε,</span> <span class='ocrx_word' id='word_1_173' title='bbox 474 1503 556 1561; x_wconf 87' lang='grc' dir='ltr'>πόσου</span> <span class='ocrx_word' id='word_1_174' title='bbox 571 1499 778 1580; x_wconf 81' lang='grc' dir='ltr'>προσγενομένου</span> <span class='ocrx_word' id='word_1_175' title='bbox 793 1501 838 1560; x_wconf 81' lang='grc' dir='ltr'>καί</span> <span class='ocrx_word' id='word_1_176' title='bbox 855 1501 1048 1579; x_wconf 78' lang='grc' dir='ltr'>ἀπογενομένου</span> <span class='ocrx_word' id='word_1_177' title='bbox 1061 1503 1099 1560; x_wconf 90' lang='grc' dir='ltr'>δεῖ</span> <span class='ocrx_word' id='word_1_178' title='bbox 1144 1508 1269 1570; x_wconf 81' lang='grc' dir='ltr'>εΙὶιμιειιΙο</span> <span class='ocrx_word' id='word_1_179' title='bbox 1285 1510 1339 1570; x_wconf 89' lang='lat' dir='ltr'>plus</span> <span class='ocrx_word' id='word_1_180' title='bbox 1350 1510 1395 1558; x_wconf 89' lang='lat' dir='ltr'>eril</span> <span class='ocrx_word' id='word_1_181' title='bbox 1406 1509 1526 1586; x_wconf 33' lang='lat' dir='ltr'>elnpluris,</span> <span class='ocrx_word' id='word_1_182' title='bbox 1542 1523 1615 1571; x_wconf 83' lang='lat' dir='ltr'>qrruur</span> <span class='ocrx_word' id='word_1_183' title='bbox 1628 1508 1767 1561; x_wconf 82' lang='lat' dir='ltr'>seeundum</span> <span class='ocrx_word' id='word_1_184' title='bbox 1782 1509 1860 1570; x_wconf 80' lang='lat' dir='ltr'>legun,</span> <span class='ocrx_word' id='word_1_185' title='bbox 1873 1524 1898 1570; x_wconf 79' lang='lat' dir='ltr'>pu</span> 
     </span>
     <span class='ocr_line' id='line_1_13' title="bbox 311 1589 1899 1672; baseline -0.003 -24"><span class='ocrx_word' id='word_1_186' title='bbox 311 1592 445 1672; x_wconf 87' lang='grc' dir='ltr'>μηδέτερα</span> <span class='ocrx_word' id='word_1_187' title='bbox 465 1591 564 1651; x_wconf 81' lang='grc' dir='ltr'>τούτοιν</span> <span class='ocrx_word' id='word_1_188' title='bbox 578 1591 678 1662; x_wconf 82' lang='grc' dir='ltr'>ποιεῖν,</span> <span class='ocrx_word' id='word_1_189' title='bbox 699 1589 876 1672; x_wconf 76' lang='grc' dir='ltr'>ἀναγραφήτω</span> <span class='ocrx_word' id='word_1_190' title='bbox 891 1591 945 1649; x_wconf 77' lang='grc' dir='ltr'>τότ’</span> <span class='ocrx_word' id='word_1_191' title='bbox 959 1592 1011 1664; x_wconf 83' lang='grc' dir='ltr'>ἤδη</span> <span class='ocrx_word' id='word_1_192' title='bbox 1026 1593 1099 1670; x_wconf 77' lang='grc' dir='ltr'>παρὰ</span> <span class='ocrx_word' id='word_1_193' title='bbox 1145 1597 1290 1656; x_wconf 71' lang='lat' dir='ltr'>declaravit,</span> <span class='ocrx_word' id='word_1_194' title='bbox 1310 1603 1400 1659; x_wconf 79' lang='lat' dir='ltr'>qrrnnlu</span> <span class='ocrx_word' id='word_1_195' title='bbox 1417 1600 1553 1647; x_wconf 65' lang='lat' dir='ltr'>neeemione</span> <span class='ocrx_word' id='word_1_196' title='bbox 1566 1601 1590 1648; x_wconf 89' lang='lat' dir='ltr'>et</span> <span class='ocrx_word' id='word_1_197' title='bbox 1599 1598 1741 1647; x_wconf 76' lang='lat' dir='ltr'>decessione</span> <span class='ocrx_word' id='word_1_198' title='bbox 1752 1600 1815 1647; x_wconf 78' lang='lat' dir='ltr'>taeta</span> <span class='ocrx_word' id='word_1_199' title='bbox 1827 1603 1899 1646; x_wconf 78' lang='lat' dir='ltr'>neuim</span> 
     </span>
     <span class='ocr_line' id='line_1_14' title="bbox 312 1677 1896 1761; baseline -0.003 -23"><span class='ocrx_word' id='word_1_200' title='bbox 312 1681 364 1747; x_wconf 88' lang='grc' dir='ltr'>τοῖς</span> <span class='ocrx_word' id='word_1_201' title='bbox 379 1679 538 1761; x_wconf 84' lang='grc' dir='ltr'>νομοφύλαξι</span> <span class='ocrx_word' id='word_1_202' title='bbox 549 1679 580 1738; x_wconf 87' lang='grc' dir='ltr'>τδ</span> <span class='ocrx_word' id='word_1_203' title='bbox 594 1677 681 1748; x_wconf 86' lang='grc' dir='ltr'>πλέον,</span> <span class='ocrx_word' id='word_1_204' title='bbox 698 1678 869 1760; x_wconf 77' lang='grc' dir='ltr'>ἐξαλειφέσθω</span> <span class='ocrx_word' id='word_1_205' title='bbox 884 1679 911 1738; x_wconf 84' lang='grc' dir='ltr'>δὲ</span> <span class='ocrx_word' id='word_1_206' title='bbox 930 1678 959 1737; x_wconf 84' lang='grc' dir='ltr'>τὸ</span> <span class='ocrx_word' id='word_1_207' title='bbox 970 1681 1097 1738; x_wconf 81' lang='grc' dir='ltr'>ἐναντίον.</span> <span class='ocrx_word' id='word_1_208' title='bbox 1145 1685 1231 1733; x_wconf 86' lang='grc' dir='ltr'>Ιιοτιιιιι</span> <span class='ocrx_word' id='word_1_209' title='bbox 1247 1687 1324 1734; x_wconf 77' lang='lat' dir='ltr'>lacere</span> <span class='ocrx_word' id='word_1_210' title='bbox 1339 1686 1418 1746; x_wconf 70' lang='lat' dir='ltr'>lieret,</span> <span class='ocrx_word' id='word_1_211' title='bbox 1429 1689 1481 1735; x_wconf 91' lang='lat' dir='ltr'>turn</span> <span class='ocrx_word' id='word_1_212' title='bbox 1493 1687 1542 1748; x_wconf 82' lang='lat' dir='ltr'>jem</span> <span class='ocrx_word' id='word_1_213' title='bbox 1555 1686 1709 1748; x_wconf 83' lang='lat' dir='ltr'>perscribitur</span> <span class='ocrx_word' id='word_1_214' title='bbox 1724 1687 1792 1748; x_wconf 79' lang='lat' dir='ltr'>apud</span> <span class='ocrx_word' id='word_1_215' title='bbox 1808 1688 1896 1747; x_wconf 78' lang='lat' dir='ltr'>legunu</span> 
     </span>
     <span class='ocr_line' id='line_1_15' title="bbox 310 1766 1901 1849; baseline 0.001 -25"><span class='ocrx_word' id='word_1_216' title='bbox 310 1767 343 1825; x_wconf 85' lang='grc' dir='ltr'>τδι</span> <span class='ocrx_word' id='word_1_217' title='bbox 358 1767 425 1826; x_wconf 87' lang='grc' dir='ltr'>αύτά</span> <span class='ocrx_word' id='word_1_218' title='bbox 436 1768 463 1826; x_wconf 82' lang='grc' dir='ltr'>δὲ</span> <span class='ocrx_word' id='word_1_219' title='bbox 474 1770 519 1826; x_wconf 85' lang='grc' dir='ltr'>καῖ</span> <span class='ocrx_word' id='word_1_220' title='bbox 530 1775 589 1848; x_wconf 83' lang='grc' dir='ltr'>περὶ</span> <span class='ocrx_word' id='word_1_221' title='bbox 601 1766 728 1845; x_wconf 86' lang='grc' dir='ltr'>μετοίκων</span> <span class='ocrx_word' id='word_1_222' title='bbox 743 1767 810 1826; x_wconf 82' lang='grc' dir='ltr'>ἔστω</span> <span class='ocrx_word' id='word_1_223' title='bbox 821 1772 867 1839; x_wconf 76' lang='grc' dir='ltr'>τῆς</span> <span class='ocrx_word' id='word_1_224' title='bbox 878 1770 1029 1849; x_wconf 80' lang='grc' dir='ltr'>ἀναγραφῆς</span> <span class='ocrx_word' id='word_1_225' title='bbox 1038 1767 1099 1847; x_wconf 87' lang='grc' dir='ltr'>πέρι</span> <span class='ocrx_word' id='word_1_226' title='bbox 1145 1775 1226 1824; x_wconf 84' lang='lat' dir='ltr'>stodes</span> <span class='ocrx_word' id='word_1_227' title='bbox 1244 1775 1308 1838; x_wconf 88' lang='lat' dir='ltr'>quod</span> <span class='ocrx_word' id='word_1_228' title='bbox 1329 1777 1382 1838; x_wconf 90' lang='lat' dir='ltr'>plus</span> <span class='ocrx_word' id='word_1_229' title='bbox 1403 1776 1492 1834; x_wconf 85' lang='lat' dir='ltr'>luerit,</span> <span class='ocrx_word' id='word_1_230' title='bbox 1512 1776 1657 1836; x_wconf 77' lang='lat' dir='ltr'>expungitur</span> <span class='ocrx_word' id='word_1_231' title='bbox 1675 1778 1762 1825; x_wconf 81' lang='lat' dir='ltr'>eulenr</span> <span class='ocrx_word' id='word_1_232' title='bbox 1782 1777 1901 1826; x_wconf 66' lang='lat' dir='ltr'>contrariu,</span> 
     </span>
     <span class='ocr_line' id='line_1_16' title="bbox 271 1854 1901 1936; baseline -0.001 -22"><span class='ocrx_word' id='word_1_233' title='bbox 271 1875 296 1914; x_wconf 81' lang='grc' dir='ltr'>1ο</span> <span class='ocrx_word' id='word_1_234' title='bbox 309 1860 356 1928; x_wconf 83' lang='grc' dir='ltr'>τ’ῆς</span> <span class='ocrx_word' id='word_1_235' title='bbox 370 1857 467 1925; x_wconf 83' lang='grc' dir='ltr'>οὐσίας.</span> <span class='ocrx_word' id='word_1_236' title='bbox 484 1859 549 1917; x_wconf 77' lang='grc' dir='ltr'>ἰέναι</span> <span class='ocrx_word' id='word_1_237' title='bbox 565 1854 592 1915; x_wconf 82' lang='grc' dir='ltr'>δέ</span> <span class='ocrx_word' id='word_1_238' title='bbox 606 1856 650 1915; x_wconf 85' lang='grc' dir='ltr'>τδν</span> <span class='ocrx_word' id='word_1_239' title='bbox 666 1857 824 1936; x_wconf 88' lang='grc' dir='ltr'>βουλόμενον</span> <span class='ocrx_word' id='word_1_240' title='bbox 838 1861 873 1924; x_wconf 88' lang='grc' dir='ltr'>είς</span> <span class='ocrx_word' id='word_1_241' title='bbox 887 1855 935 1926; x_wconf 81' lang='grc' dir='ltr'>τὴν</span> <span class='ocrx_word' id='word_1_242' title='bbox 947 1856 1099 1934; x_wconf 81' lang='grc' dir='ltr'>μετοίκησιν</span> <span class='ocrx_word' id='word_1_243' title='bbox 1145 1864 1228 1912; x_wconf 81' lang='lat' dir='ltr'>cedern</span> <span class='ocrx_word' id='word_1_244' title='bbox 1248 1863 1271 1912; x_wconf 91' lang='lat' dir='ltr'>ln</span> <span class='ocrx_word' id='word_1_245' title='bbox 1288 1864 1410 1926; x_wconf 79' lang='lat' dir='ltr'>inquilinis</span> <span class='ocrx_word' id='word_1_246' title='bbox 1424 1864 1647 1926; x_wconf 77' lang='lat' dir='ltr'>perscribendorum</span> <span class='ocrx_word' id='word_1_247' title='bbox 1660 1865 1787 1913; x_wconf 88' lang='lat' dir='ltr'>bonorum</span> <span class='ocrx_word' id='word_1_248' title='bbox 1804 1865 1858 1913; x_wconf 79' lang='lat' dir='ltr'>relic</span> <span class='ocrx_word' id='word_1_249' title='bbox 1869 1876 1901 1912; x_wconf 70' lang='lat' dir='ltr'>un</span> 
     </span>
     <span class='ocr_line' id='line_1_17' title="bbox 310 1944 1901 2028; baseline -0.003 -24"><span class='ocrx_word' id='word_1_250' title='bbox 310 1944 354 2004; x_wconf 73' lang='lat' dir='ltr'>nri</span> <span class='ocrx_word' id='word_1_251' title='bbox 375 1951 479 2025; x_wconf 77' lang='grc' dir='ltr'>ῥητοῖς,</span> <span class='ocrx_word' id='word_1_252' title='bbox 501 1951 536 2014; x_wconf 85' lang='grc' dir='ltr'>ὡς</span> <span class='ocrx_word' id='word_1_253' title='bbox 553 1945 678 2018; x_wconf 73' lang='grc' dir='ltr'>οἰκτίστοις</span> <span class='ocrx_word' id='word_1_254' title='bbox 692 1944 771 2018; x_wconf 89' lang='grc' dir='ltr'>ούσης</span> <span class='ocrx_word' id='word_1_255' title='bbox 784 1951 836 2004; x_wconf 83' lang='grc' dir='ltr'>τῶν</span> <span class='ocrx_word' id='word_1_256' title='bbox 852 1945 929 2015; x_wconf 80' lang='grc' dir='ltr'>ξένοιν</span> <span class='ocrx_word' id='word_1_257' title='bbox 943 1949 981 2027; x_wconf 81' lang='grc' dir='ltr'>τῷ</span> <span class='ocrx_word' id='word_1_258' title='bbox 1001 1948 1096 2028; x_wconf 85' lang='grc' dir='ltr'>βουλο-</span> <span class='ocrx_word' id='word_1_259' title='bbox 1146 1952 1196 2000; x_wconf 81' lang='lat' dir='ltr'>sieri</span> <span class='ocrx_word' id='word_1_260' title='bbox 1216 1955 1297 2001; x_wconf 84' lang='lat' dir='ltr'>eutem</span> <span class='ocrx_word' id='word_1_261' title='bbox 1319 1953 1437 2014; x_wconf 80' lang='lat' dir='ltr'>inquilino</span> <span class='ocrx_word' id='word_1_262' title='bbox 1457 1953 1495 2001; x_wconf 84' lang='lat' dir='ltr'>eui</span> <span class='ocrx_word' id='word_1_263' title='bbox 1516 1953 1600 2002; x_wconf 81' lang='lat' dir='ltr'>liueuit</span> <span class='ocrx_word' id='word_1_264' title='bbox 1618 1954 1688 2002; x_wconf 84' lang='lat' dir='ltr'>liceat</span> <span class='ocrx_word' id='word_1_265' title='bbox 1708 1959 1781 2002; x_wconf 75' lang='lat' dir='ltr'>nerle</span> <span class='ocrx_word' id='word_1_266' title='bbox 1800 1954 1860 2014; x_wconf 79' lang='lat' dir='ltr'>nge,</span> <span class='ocrx_word' id='word_1_267' title='bbox 1877 1969 1901 2014; x_wconf 74' lang='grc' dir='ltr'>οη</span> 
     </span>
     <span class='ocr_line' id='line_1_18' title="bbox 311 2033 1901 2117; baseline -0.004 -22"><span class='ocrx_word' id='word_1_268' title='bbox 311 2033 382 2116; x_wconf 80' lang='grc' dir='ltr'>μένῳ</span> <span class='ocrx_word' id='word_1_269' title='bbox 398 2034 444 2094; x_wconf 80' lang='grc' dir='ltr'>καί</span> <span class='ocrx_word' id='word_1_270' title='bbox 459 2035 595 2116; x_wconf 84' lang='grc' dir='ltr'>δυναμένῳ</span> <span class='ocrx_word' id='word_1_271' title='bbox 607 2039 755 2112; x_wconf 82' lang='grc' dir='ltr'>κατοικεῖν,</span> <span class='ocrx_word' id='word_1_272' title='bbox 775 2033 871 2114; x_wconf 86' lang='grc' dir='ltr'>τέχνην</span> <span class='ocrx_word' id='word_1_273' title='bbox 887 2035 1040 2117; x_wconf 77' lang='grc' dir='ltr'>κεκτημένῳ</span> <span class='ocrx_word' id='word_1_274' title='bbox 1054 2035 1099 2094; x_wconf 77' lang='grc' dir='ltr'>καί</span> <span class='ocrx_word' id='word_1_275' title='bbox 1112 2035 1134 2098; x_wconf 91' lang='lat' dir='ltr'>b</span> <span class='ocrx_word' id='word_1_276' title='bbox 1146 2040 1263 2090; x_wconf 82' lang='lat' dir='ltr'>liubitetio</span> <span class='ocrx_word' id='word_1_277' title='bbox 1282 2041 1352 2090; x_wconf 87' lang='lat' dir='ltr'>delur</span> <span class='ocrx_word' id='word_1_278' title='bbox 1369 2042 1548 2103; x_wconf 72' lang='lat' dir='ltr'>peregrinorum</span> <span class='ocrx_word' id='word_1_279' title='bbox 1563 2042 1667 2105; x_wconf 82' lang='lat' dir='ltr'>cuique,</span> <span class='ocrx_word' id='word_1_280' title='bbox 1688 2035 1734 2105; x_wconf 77' lang='lat' dir='ltr'>qui</span> <span class='ocrx_word' id='word_1_281' title='bbox 1753 2045 1810 2091; x_wconf 87' lang='lat' dir='ltr'>relit</span> <span class='ocrx_word' id='word_1_282' title='bbox 1824 2057 1848 2090; x_wconf 81' lang='grc' dir='ltr'>ιο</span> <span class='ocrx_word' id='word_1_283' title='bbox 1861 2051 1901 2103; x_wconf 64' lang='grc' dir='ltr'>μοι</span> 
     </span>
     <span class='ocr_line' id='line_1_19' title="bbox 311 2115 1901 2206; baseline 0.001 -25"><span class='ocrx_word' id='word_1_284' title='bbox 311 2125 482 2202; x_wconf 71' lang='grc' dir='ltr'>ἐπιδημοῦντι</span> <span class='ocrx_word' id='word_1_285' title='bbox 497 2127 534 2200; x_wconf 70' lang='grc' dir='ltr'>μὴ</span> <span class='ocrx_word' id='word_1_286' title='bbox 550 2123 629 2184; x_wconf 84' lang='grc' dir='ltr'>πλέον</span> <span class='ocrx_word' id='word_1_287' title='bbox 643 2127 707 2183; x_wconf 80' lang='grc' dir='ltr'>ἐτῶν</span> <span class='ocrx_word' id='word_1_288' title='bbox 720 2123 836 2195; x_wconf 80' lang='grc' dir='ltr'>εἴκοσιν,</span> <span class='ocrx_word' id='word_1_289' title='bbox 852 2123 896 2206; x_wconf 85' lang='grc' dir='ltr'>ἀφ’</span> <span class='ocrx_word' id='word_1_290' title='bbox 909 2115 942 2198; x_wconf 66' lang='grc' dir='ltr'>ἧς</span> <span class='ocrx_word' id='word_1_291' title='bbox 954 2124 986 2182; x_wconf 85' lang='grc' dir='ltr'>ἀν</span> <span class='ocrx_word' id='word_1_292' title='bbox 996 2123 1098 2206; x_wconf 72' lang='grc' dir='ltr'>γράφη·</span> <span class='ocrx_word' id='word_1_293' title='bbox 1144 2129 1294 2179; x_wconf 79' lang='lat' dir='ltr'>domicilium</span> <span class='ocrx_word' id='word_1_294' title='bbox 1305 2145 1399 2193; x_wconf 72' lang='lat' dir='ltr'>rupere,</span> <span class='ocrx_word' id='word_1_295' title='bbox 1416 2133 1494 2180; x_wconf 77' lang='lat' dir='ltr'>erlem</span> <span class='ocrx_word' id='word_1_296' title='bbox 1506 2132 1597 2180; x_wconf 82' lang='lat' dir='ltr'>tenenti</span> <span class='ocrx_word' id='word_1_297' title='bbox 1608 2145 1653 2179; x_wconf 80' lang='lat' dir='ltr'>nec</span> <span class='ocrx_word' id='word_1_298' title='bbox 1664 2131 1759 2194; x_wconf 78' lang='lat' dir='ltr'>plnres,</span> <span class='ocrx_word' id='word_1_299' title='bbox 1775 2145 1844 2194; x_wconf 80' lang='grc' dir='ltr'>ηιιειιι</span> <span class='ocrx_word' id='word_1_300' title='bbox 1853 2133 1901 2191; x_wconf 68' lang='lat' dir='ltr'>rigui</span> 
     </span>
     <span class='ocr_line' id='line_1_20' title="bbox 309 2211 1901 2290; baseline 0.001 -23"><span class='ocrx_word' id='word_1_301' title='bbox 309 2234 371 2286; x_wconf 88' lang='grc' dir='ltr'>ται,</span> <span class='ocrx_word' id='word_1_302' title='bbox 394 2212 525 2290; x_wconf 88' lang='grc' dir='ltr'>μετοίκιον</span> <span class='ocrx_word' id='word_1_303' title='bbox 545 2211 613 2290; x_wconf 79' lang='grc' dir='ltr'>μηδὲ</span> <span class='ocrx_word' id='word_1_304' title='bbox 632 2211 742 2290; x_wconf 83' lang='grc' dir='ltr'>σμικρὸν</span> <span class='ocrx_word' id='word_1_305' title='bbox 761 2214 879 2272; x_wconf 83' lang='grc' dir='ltr'>τελοῦντι</span> <span class='ocrx_word' id='word_1_306' title='bbox 896 2211 968 2286; x_wconf 82' lang='grc' dir='ltr'>πλὴν</span> <span class='ocrx_word' id='word_1_307' title='bbox 984 2219 1029 2272; x_wconf 82' lang='grc' dir='ltr'>τοῦ</span> <span class='ocrx_word' id='word_1_308' title='bbox 1046 2237 1097 2272; x_wconf 84' lang='grc' dir='ltr'>σω·</span> <span class='ocrx_word' id='word_1_309' title='bbox 1144 2233 1219 2268; x_wconf 83' lang='lat' dir='ltr'>eunus</span> <span class='ocrx_word' id='word_1_310' title='bbox 1233 2220 1264 2268; x_wconf 77' lang='lat' dir='ltr'>ab</span> <span class='ocrx_word' id='word_1_311' title='bbox 1277 2233 1305 2268; x_wconf 89' lang='lat' dir='ltr'>eo</span> <span class='ocrx_word' id='word_1_312' title='bbox 1319 2220 1367 2279; x_wconf 83' lang='lat' dir='ltr'>die,</span> <span class='ocrx_word' id='word_1_313' title='bbox 1384 2232 1434 2282; x_wconf 86' lang='lat' dir='ltr'>qrru</span> <span class='ocrx_word' id='word_1_314' title='bbox 1448 2221 1582 2282; x_wconf 83' lang='lat' dir='ltr'>erlsrriptus</span> <span class='ocrx_word' id='word_1_315' title='bbox 1594 2220 1681 2280; x_wconf 85' lang='lat' dir='ltr'>luerit,</span> <span class='ocrx_word' id='word_1_316' title='bbox 1700 2221 1901 2282; x_wconf 67' lang='lat' dir='ltr'>eornmorenlilnl</span> 
     </span>
     <span class='ocr_line' id='line_1_21' title="bbox 269 2292 1901 2383; baseline -0.006 -18"><span class='ocrx_word' id='word_1_317' title='bbox 269 2323 296 2365; x_wconf 72' lang='grc' dir='ltr'>το</span> <span class='ocrx_word' id='word_1_318' title='bbox 309 2309 429 2383; x_wconf 74' lang='grc' dir='ltr'>φρονεῖν,</span> <span class='ocrx_word' id='word_1_319' title='bbox 450 2301 518 2380; x_wconf 75' lang='grc' dir='ltr'>μηδέ</span> <span class='ocrx_word' id='word_1_320' title='bbox 538 2302 604 2361; x_wconf 85' lang='grc' dir='ltr'>ἀλλο</span> <span class='ocrx_word' id='word_1_321' title='bbox 618 2292 652 2360; x_wconf 72' lang='lat' dir='ltr'>al</span> <span class='ocrx_word' id='word_1_322' title='bbox 671 2301 743 2368; x_wconf 89' lang='grc' dir='ltr'>τέλος</span> <span class='ocrx_word' id='word_1_323' title='bbox 756 2301 833 2360; x_wconf 73' lang='grc' dir='ltr'>ἕνεκά</span> <span class='ocrx_word' id='word_1_324' title='bbox 852 2325 919 2370; x_wconf 92' lang='grc' dir='ltr'>τινος</span> <span class='ocrx_word' id='word_1_325' title='bbox 938 2303 1008 2376; x_wconf 81' lang='grc' dir='ltr'>ὠνῆς</span> <span class='ocrx_word' id='word_1_326' title='bbox 1021 2300 1039 2374; x_wconf 79' lang='grc' dir='ltr'>ἢ</span> <span class='ocrx_word' id='word_1_327' title='bbox 1053 2301 1098 2362; x_wconf 83' lang='grc' dir='ltr'>καί</span> <span class='ocrx_word' id='word_1_328' title='bbox 1144 2308 1230 2357; x_wconf 76' lang='lat' dir='ltr'>uuum</span> <span class='ocrx_word' id='word_1_329' title='bbox 1244 2309 1382 2358; x_wconf 85' lang='lat' dir='ltr'>eonomine</span> <span class='ocrx_word' id='word_1_330' title='bbox 1395 2308 1489 2358; x_wconf 89' lang='lat' dir='ltr'>nullum</span> <span class='ocrx_word' id='word_1_331' title='bbox 1504 2323 1550 2358; x_wconf 90' lang='lat' dir='ltr'>nec</span> <span class='ocrx_word' id='word_1_332' title='bbox 1567 2309 1682 2370; x_wconf 78' lang='lat' dir='ltr'>exiguum</span> <span class='ocrx_word' id='word_1_333' title='bbox 1693 2313 1789 2372; x_wconf 67' lang='lat' dir='ltr'>praeter</span> <span class='ocrx_word' id='word_1_334' title='bbox 1802 2309 1901 2357; x_wconf 77' lang='lat' dir='ltr'>mudsuu</span> 
     </span>
     <span class='ocr_line' id='line_1_22' title="bbox 309 2388 1901 2472; baseline -0.002 -23"><span class='ocrx_word' id='word_1_335' title='bbox 309 2389 439 2472; x_wconf 88' lang='grc' dir='ltr'>πράσεως.</span> <span class='ocrx_word' id='word_1_336' title='bbox 460 2389 523 2450; x_wconf 81' lang='grc' dir='ltr'>όταν</span> <span class='ocrx_word' id='word_1_337' title='bbox 544 2391 566 2450; x_wconf 86' lang='grc' dir='ltr'>δ’</span> <span class='ocrx_word' id='word_1_338' title='bbox 584 2389 710 2464; x_wconf 80' lang='grc' dir='ltr'>ίξήκωσιν</span> <span class='ocrx_word' id='word_1_339' title='bbox 729 2392 753 2450; x_wconf 84' lang='grc' dir='ltr'>οἱ</span> <span class='ocrx_word' id='word_1_340' title='bbox 770 2393 874 2472; x_wconf 84' lang='grc' dir='ltr'>χρόνοι,</span> <span class='ocrx_word' id='word_1_341' title='bbox 891 2388 939 2464; x_wconf 82' lang='grc' dir='ltr'>τλν</span> <span class='ocrx_word' id='word_1_342' title='bbox 957 2396 1034 2450; x_wconf 82' lang='grc' dir='ltr'>αὑτοῦ</span> <span class='ocrx_word' id='word_1_343' title='bbox 1048 2392 1098 2450; x_wconf 84' lang='grc' dir='ltr'>λα·</span> <span class='ocrx_word' id='word_1_344' title='bbox 1143 2410 1190 2447; x_wconf 90' lang='lat' dir='ltr'>nec</span> <span class='ocrx_word' id='word_1_345' title='bbox 1207 2396 1273 2446; x_wconf 83' lang='lat' dir='ltr'>eliud</span> <span class='ocrx_word' id='word_1_346' title='bbox 1290 2397 1418 2460; x_wconf 78' lang='lat' dir='ltr'>emptionis</span> <span class='ocrx_word' id='word_1_347' title='bbox 1428 2397 1530 2460; x_wconf 80' lang='lat' dir='ltr'>alicujus</span> <span class='ocrx_word' id='word_1_348' title='bbox 1542 2397 1580 2446; x_wconf 86' lang='lat' dir='ltr'>rel</span> <span class='ocrx_word' id='word_1_349' title='bbox 1592 2397 1742 2447; x_wconf 77' lang='lat' dir='ltr'>venditionis</span> <span class='ocrx_word' id='word_1_350' title='bbox 1758 2411 1828 2447; x_wconf 78' lang='lat' dir='ltr'>cause</span> <span class='ocrx_word' id='word_1_351' title='bbox 1838 2397 1901 2446; x_wconf 62' lang='lat' dir='ltr'>reue</span> 
     </span>
     <span class='ocr_line' id='line_1_23' title="bbox 310 2477 1901 2560; baseline -0.003 -24"><span class='ocrx_word' id='word_1_352' title='bbox 310 2477 390 2538; x_wconf 80' lang='grc' dir='ltr'>ύόντα</span> <span class='ocrx_word' id='word_1_353' title='bbox 402 2479 491 2538; x_wconf 84' lang='grc' dir='ltr'>οὐσίαν</span> <span class='ocrx_word' id='word_1_354' title='bbox 505 2477 622 2542; x_wconf 86' lang='grc' dir='ltr'>ἀπιέναι.</span> <span class='ocrx_word' id='word_1_355' title='bbox 637 2479 683 2538; x_wconf 77' lang='grc' dir='ltr'>έάν</span> <span class='ocrx_word' id='word_1_356' title='bbox 696 2479 718 2538; x_wconf 87' lang='grc' dir='ltr'>δ’</span> <span class='ocrx_word' id='word_1_357' title='bbox 731 2482 757 2538; x_wconf 79' lang='grc' dir='ltr'>έν</span> <span class='ocrx_word' id='word_1_358' title='bbox 772 2488 824 2546; x_wconf 90' lang='grc' dir='ltr'>τοῖς</span> <span class='ocrx_word' id='word_1_359' title='bbox 834 2479 904 2539; x_wconf 83' lang='grc' dir='ltr'>έτεσι</span> <span class='ocrx_word' id='word_1_360' title='bbox 916 2479 1014 2547; x_wconf 85' lang='grc' dir='ltr'>τούτοις</span> <span class='ocrx_word' id='word_1_361' title='bbox 1027 2482 1098 2560; x_wconf 83' lang='grc' dir='ltr'>αὐτῷ</span> <span class='ocrx_word' id='word_1_362' title='bbox 1143 2486 1264 2548; x_wconf 86' lang='lat' dir='ltr'>pendenti.</span> <span class='ocrx_word' id='word_1_363' title='bbox 1280 2487 1371 2536; x_wconf 81' lang='lat' dir='ltr'>exectis</span> <span class='ocrx_word' id='word_1_364' title='bbox 1383 2499 1440 2536; x_wconf 81' lang='lat' dir='ltr'>vero</span> <span class='ocrx_word' id='word_1_365' title='bbox 1453 2487 1602 2548; x_wconf 84' lang='lat' dir='ltr'>temporibus</span> <span class='ocrx_word' id='word_1_366' title='bbox 1612 2499 1669 2534; x_wconf 91' lang='lat' dir='ltr'>euru</span> <span class='ocrx_word' id='word_1_367' title='bbox 1682 2487 1755 2534; x_wconf 66' lang='lat' dir='ltr'>bortis</span> <span class='ocrx_word' id='word_1_368' title='bbox 1765 2488 1813 2534; x_wconf 81' lang='lat' dir='ltr'>suis</span> <span class='ocrx_word' id='word_1_369' title='bbox 1823 2485 1901 2538; x_wconf 70' lang='grc' dir='ltr'>ιίιιτιθιί</span> 
     </span>
     <span class='ocr_line' id='line_1_24' title="bbox 311 2566 1901 2650; baseline -0.003 -24"><span class='ocrx_word' id='word_1_370' title='bbox 311 2566 397 2647; x_wconf 77' lang='grc' dir='ltr'>ξυμόῇ</span> <span class='ocrx_word' id='word_1_371' title='bbox 415 2568 494 2646; x_wconf 86' lang='grc' dir='ltr'>λόγου</span> <span class='ocrx_word' id='word_1_372' title='bbox 513 2567 577 2648; x_wconf 85' lang='grc' dir='ltr'>ἀξίῳ</span> <span class='ocrx_word' id='word_1_373' title='bbox 597 2566 661 2650; x_wconf 82' lang='grc' dir='ltr'>πρὸς</span> <span class='ocrx_word' id='word_1_374' title='bbox 680 2570 830 2648; x_wconf 85' lang='grc' dir='ltr'>εὐεργεσίαν</span> <span class='ocrx_word' id='word_1_375' title='bbox 849 2574 895 2640; x_wconf 81' lang='grc' dir='ltr'>τῆς</span> <span class='ocrx_word' id='word_1_376' title='bbox 908 2571 1008 2635; x_wconf 89' lang='grc' dir='ltr'>πόλεως</span> <span class='ocrx_word' id='word_1_377' title='bbox 1022 2593 1095 2647; x_wconf 82' lang='grc' dir='ltr'>γεγο·</span> <span class='ocrx_word' id='word_1_378' title='bbox 1142 2577 1177 2624; x_wconf 86' lang='lat' dir='ltr'>sin</span> <span class='ocrx_word' id='word_1_379' title='bbox 1188 2579 1269 2624; x_wconf 75' lang='lat' dir='ltr'>erilem</span> <span class='ocrx_word' id='word_1_380' title='bbox 1281 2575 1323 2624; x_wconf 82' lang='lat' dir='ltr'>lios</span> <span class='ocrx_word' id='word_1_381' title='bbox 1334 2589 1375 2637; x_wconf 87' lang='lat' dir='ltr'>per</span> <span class='ocrx_word' id='word_1_382' title='bbox 1385 2589 1515 2624; x_wconf 82' lang='lat' dir='ltr'>unnosuon</span> <span class='ocrx_word' id='word_1_383' title='bbox 1527 2575 1705 2624; x_wconf 86' lang='lat' dir='ltr'>contemnendo</span> <span class='ocrx_word' id='word_1_384' title='bbox 1716 2578 1740 2624; x_wconf 90' lang='lat' dir='ltr'>ei</span> <span class='ocrx_word' id='word_1_385' title='bbox 1752 2576 1804 2624; x_wconf 87' lang='lat' dir='ltr'>lieri</span> <span class='ocrx_word' id='word_1_386' title='bbox 1814 2575 1901 2632; x_wconf 66' lang='lat' dir='ltr'>cantion</span> 
     </span>
     <span class='ocr_line' id='line_1_25' title="bbox 310 2655 1901 2737; baseline -0.003 -23"><span class='ocrx_word' id='word_1_387' title='bbox 310 2656 383 2714; x_wconf 86' lang='grc' dir='ltr'>νέναι</span> <span class='ocrx_word' id='word_1_388' title='bbox 404 2655 462 2714; x_wconf 82' lang='grc' dir='ltr'>τινά</span> <span class='ocrx_word' id='word_1_389' title='bbox 483 2656 595 2733; x_wconf 78' lang='grc' dir='ltr'>ἱκανὴν,</span> <span class='ocrx_word' id='word_1_390' title='bbox 620 2655 665 2715; x_wconf 84' lang='grc' dir='ltr'>καί</span> <span class='ocrx_word' id='word_1_391' title='bbox 687 2658 796 2734; x_wconf 79' lang='grc' dir='ltr'>πιστεύῃ</span> <span class='ocrx_word' id='word_1_392' title='bbox 817 2659 917 2716; x_wconf 88' lang='grc' dir='ltr'>πείσειν</span> <span class='ocrx_word' id='word_1_393' title='bbox 938 2658 1034 2737; x_wconf 80' lang='grc' dir='ltr'>βουλὴν</span> <span class='ocrx_word' id='word_1_394' title='bbox 1053 2658 1098 2717; x_wconf 86' lang='grc' dir='ltr'>καί</span> <span class='ocrx_word' id='word_1_395' title='bbox 1142 2663 1173 2712; x_wconf 84' lang='lat' dir='ltr'>ed</span> <span class='ocrx_word' id='word_1_396' title='bbox 1194 2664 1254 2713; x_wconf 86' lang='lat' dir='ltr'>bene</span> <span class='ocrx_word' id='word_1_397' title='bbox 1270 2664 1406 2714; x_wconf 83' lang='lat' dir='ltr'>laciendum</span> <span class='ocrx_word' id='word_1_398' title='bbox 1423 2665 1515 2713; x_wconf 79' lang='lat' dir='ltr'>civitati</span> <span class='ocrx_word' id='word_1_399' title='bbox 1531 2664 1555 2712; x_wconf 90' lang='lat' dir='ltr'>in</span> <span class='ocrx_word' id='word_1_400' title='bbox 1571 2678 1597 2713; x_wconf 85' lang='lat' dir='ltr'>re</span> <span class='ocrx_word' id='word_1_401' title='bbox 1615 2664 1697 2726; x_wconf 77' lang='lat' dir='ltr'>eliqua</span> <span class='ocrx_word' id='word_1_402' title='bbox 1715 2665 1778 2714; x_wconf 81' lang='lat' dir='ltr'>salis</span> <span class='ocrx_word' id='word_1_403' title='bbox 1796 2663 1901 2725; x_wconf 65' lang='lat' dir='ltr'>magunt</span> 
     </span>
     <span class='ocr_line' id='line_1_26' title="bbox 272 2746 1901 2829; baseline -0.005 -23"><span class='ocrx_word' id='word_1_404' title='bbox 272 2761 297 2798; x_wconf 74' lang='lat' dir='ltr'>ll</span> <span class='ocrx_word' id='word_1_405' title='bbox 312 2747 453 2820; x_wconf 79' lang='grc' dir='ltr'>δκκλησίαν</span> <span class='ocrx_word' id='word_1_406' title='bbox 466 2747 483 2819; x_wconf 83' lang='grc' dir='ltr'>ἤ</span> <span class='ocrx_word' id='word_1_407' title='bbox 495 2771 552 2806; x_wconf 89' lang='grc' dir='ltr'>τινα</span> <span class='ocrx_word' id='word_1_408' title='bbox 564 2746 696 2820; x_wconf 76' lang='grc' dir='ltr'>ἀναύολὴν</span> <span class='ocrx_word' id='word_1_409' title='bbox 717 2753 761 2818; x_wconf 77' lang='grc' dir='ltr'>τῆς</span> <span class='ocrx_word' id='word_1_410' title='bbox 774 2749 927 2820; x_wconf 76' lang='grc' dir='ltr'>ἐξοικήσεως</span> <span class='ocrx_word' id='word_1_411' title='bbox 939 2749 1016 2817; x_wconf 79' lang='grc' dir='ltr'>ἀξιῶν</span> <span class='ocrx_word' id='word_1_412' title='bbox 1028 2753 1097 2829; x_wconf 76' lang='grc' dir='ltr'>αὐτῷ</span> <span class='ocrx_word' id='word_1_413' title='bbox 1111 2775 1129 2815; x_wconf 76' lang='lat'><strong>0</strong></span> <span class='ocrx_word' id='word_1_414' title='bbox 1145 2766 1315 2815; x_wconf 79' lang='lat' dir='ltr'>persuasurum</span> <span class='ocrx_word' id='word_1_415' title='bbox 1329 2768 1355 2802; x_wconf 89' lang='lat' dir='ltr'>se</span> <span class='ocrx_word' id='word_1_416' title='bbox 1367 2753 1467 2802; x_wconf 76' lang='lat' dir='ltr'>consilio</span> <span class='ocrx_word' id='word_1_417' title='bbox 1478 2757 1504 2802; x_wconf 89' lang='lat' dir='ltr'>et</span> <span class='ocrx_word' id='word_1_418' title='bbox 1516 2753 1625 2802; x_wconf 86' lang='lat' dir='ltr'>conciunt</span> <span class='ocrx_word' id='word_1_419' title='bbox 1638 2753 1759 2812; x_wconf 82' lang='lat' dir='ltr'>confidet,</span> <span class='ocrx_word' id='word_1_420' title='bbox 1776 2756 1802 2802; x_wconf 86' lang='lat' dir='ltr'>ut</span> <span class='ocrx_word' id='word_1_421' title='bbox 1812 2753 1901 2801; x_wconf 75' lang='lat' dir='ltr'>rddidi</span> 
     </span>
     <span class='ocr_line' id='line_1_27' title="bbox 309 2835 1901 2918; baseline -0.004 -23"><span class='ocrx_word' id='word_1_422' title='bbox 309 2835 442 2914; x_wconf 81' lang='grc' dir='ltr'>γίγνεσθαι</span> <span class='ocrx_word' id='word_1_423' title='bbox 455 2835 549 2915; x_wconf 87' lang='grc' dir='ltr'>κυρίως</span> <span class='ocrx_word' id='word_1_424' title='bbox 561 2836 631 2907; x_wconf 63' lang='lat' dir='ltr'>&#39;ixei</span> <span class='ocrx_word' id='word_1_425' title='bbox 642 2835 671 2894; x_wconf 80' lang='grc' dir='ltr'>τὸ</span> <span class='ocrx_word' id='word_1_426' title='bbox 681 2837 807 2918; x_wconf 89' lang='grc' dir='ltr'>παράπαν</span> <span class='ocrx_word' id='word_1_427' title='bbox 821 2838 863 2896; x_wconf 89' lang='grc' dir='ltr'>διά</span> <span class='ocrx_word' id='word_1_428' title='bbox 873 2838 929 2916; x_wconf 84' lang='grc' dir='ltr'>βίου</span> <span class='ocrx_word' id='word_1_429' title='bbox 939 2837 996 2895; x_wconf 85' lang='grc' dir='ltr'>τινά</span> <span class='ocrx_word' id='word_1_430' title='bbox 1006 2838 1097 2914; x_wconf 80' lang='grc' dir='ltr'>μοι-λυ,</span> <span class='ocrx_word' id='word_1_431' title='bbox 1143 2841 1326 2903; x_wconf 78' lang='lat' dir='ltr'>rtemigrnlionis&#39;</span> <span class='ocrx_word' id='word_1_432' title='bbox 1336 2843 1451 2904; x_wconf 77' lang='lat' dir='ltr'>legitima,</span> <span class='ocrx_word' id='word_1_433' title='bbox 1469 2843 1506 2890; x_wconf 82' lang='lat' dir='ltr'>rel</span> <span class='ocrx_word' id='word_1_434' title='bbox 1522 2843 1594 2892; x_wconf 85' lang='lat' dir='ltr'>etiuru</span> <span class='ocrx_word' id='word_1_435' title='bbox 1607 2846 1684 2890; x_wconf 80' lang='lat' dir='ltr'>toturn</span> <span class='ocrx_word' id='word_1_436' title='bbox 1698 2856 1744 2904; x_wconf 85' lang='lat' dir='ltr'>per</span> <span class='ocrx_word' id='word_1_437' title='bbox 1760 2845 1832 2892; x_wconf 75' lang='lat' dir='ltr'>nilum</span> <span class='ocrx_word' id='word_1_438' title='bbox 1845 2851 1901 2889; x_wconf 75' lang='lat' dir='ltr'>mund</span> 
     </span>
     <span class='ocr_line' id='line_1_28' title="bbox 310 2922 1901 3006; baseline -0.004 -24"><span class='ocrx_word' id='word_1_439' title='bbox 310 2922 426 2982; x_wconf 73' lang='grc' dir='ltr'>ἀπελθὼν</span> <span class='ocrx_word' id='word_1_440' title='bbox 442 2923 487 2982; x_wconf 86' lang='grc' dir='ltr'>καί</span> <span class='ocrx_word' id='word_1_441' title='bbox 501 2923 595 2990; x_wconf 85' lang='grc' dir='ltr'>πείσας</span> <span class='ocrx_word' id='word_1_442' title='bbox 608 2923 656 2995; x_wconf 69' lang='grc' dir='ltr'>τὴν</span> <span class='ocrx_word' id='word_1_443' title='bbox 670 2924 758 2996; x_wconf 88' lang='grc' dir='ltr'>πόλιν,</span> <span class='ocrx_word' id='word_1_444' title='bbox 774 2925 842 3006; x_wconf 81' lang='grc' dir='ltr'>άπερ</span> <span class='ocrx_word' id='word_1_445' title='bbox 857 2926 889 2984; x_wconf 81' lang='grc' dir='ltr'>ἀν</span> <span class='ocrx_word' id='word_1_446' title='bbox 902 2926 995 3006; x_wconf 86' lang='grc' dir='ltr'>πείσῃ,</span> <span class='ocrx_word' id='word_1_447' title='bbox 1013 2933 1096 2986; x_wconf 77' lang='grc' dir='ltr'>ταῦτα</span> <span class='ocrx_word' id='word_1_448' title='bbox 1142 2930 1255 2992; x_wconf 79' lang='lat' dir='ltr'>qirrednm</span> <span class='ocrx_word' id='word_1_449' title='bbox 1273 2931 1364 2992; x_wconf 88' lang='lat' dir='ltr'>pelenti</span> <span class='ocrx_word' id='word_1_450' title='bbox 1376 2931 1421 2980; x_wconf 85' lang='lat' dir='ltr'>siut</span> <span class='ocrx_word' id='word_1_451' title='bbox 1433 2930 1514 2990; x_wconf 88' lang='lat' dir='ltr'>delur,</span> <span class='ocrx_word' id='word_1_452' title='bbox 1532 2931 1632 2980; x_wconf 77' lang='lat' dir='ltr'>accedat</span> <span class='ocrx_word' id='word_1_453' title='bbox 1643 2935 1667 2979; x_wconf 86' lang='lat' dir='ltr'>el</span> <span class='ocrx_word' id='word_1_454' title='bbox 1681 2932 1828 2992; x_wconf 70' lang='lat' dir='ltr'>persuadeat</span> <span class='ocrx_word' id='word_1_455' title='bbox 1838 2925 1901 2996; x_wconf 77' lang='lat' dir='ltr'>einull</span> 
     </span>
     <span class='ocr_line' id='line_1_29' title="bbox 312 3012 1901 3095; baseline -0.007 -20"><span class='ocrx_word' id='word_1_456' title='bbox 312 3013 385 3093; x_wconf 77' lang='grc' dir='ltr'>αύτῷ</span> <span class='ocrx_word' id='word_1_457' title='bbox 399 3012 476 3071; x_wconf 76' lang='grc' dir='ltr'>τέλεα</span> <span class='ocrx_word' id='word_1_458' title='bbox 488 3013 624 3091; x_wconf 78' lang='grc' dir='ltr'>γιγνέσθω.</span> <span class='ocrx_word' id='word_1_459' title='bbox 640 3013 715 3072; x_wconf 82' lang='grc' dir='ltr'>παισί</span> <span class='ocrx_word' id='word_1_460' title='bbox 728 3013 755 3072; x_wconf 70' lang='grc' dir='ltr'>δὲ</span> <span class='ocrx_word' id='word_1_461' title='bbox 772 3015 915 3092; x_wconf 86' lang='grc' dir='ltr'>μετοίκων,</span> <span class='ocrx_word' id='word_1_462' title='bbox 932 3019 1097 3095; x_wconf 70' lang='grc' dir='ltr'>δημιουργοῖς</span> <span class='ocrx_word' id='word_1_463' title='bbox 1141 3020 1256 3082; x_wconf 74' lang='lat' dir='ltr'>quodque</span> <span class='ocrx_word' id='word_1_464' title='bbox 1275 3020 1439 3082; x_wconf 76' lang='lat' dir='ltr'>persuaserit,</span> <span class='ocrx_word' id='word_1_465' title='bbox 1458 3019 1482 3068; x_wconf 92' lang='lat' dir='ltr'>id</span> <span class='ocrx_word' id='word_1_466' title='bbox 1502 3021 1636 3081; x_wconf 87' lang='lat' dir='ltr'>perlectum</span> <span class='ocrx_word' id='word_1_467' title='bbox 1655 3020 1677 3068; x_wconf 87' lang='lat' dir='ltr'>ei</span> <span class='ocrx_word' id='word_1_468' title='bbox 1696 3020 1781 3070; x_wconf 85' lang='lat' dir='ltr'>detor.</span> <span class='ocrx_word' id='word_1_469' title='bbox 1801 3021 1839 3068; x_wconf 87' lang='lat' dir='ltr'>lrtii</span> <span class='ocrx_word' id='word_1_470' title='bbox 1854 3023 1901 3074; x_wconf 76' lang='lat' dir='ltr'>uuirt</span> 
     </span>
     <span class='ocr_line' id='line_1_30' title="bbox 310 3093 1901 3181; baseline -0.003 -22"><span class='ocrx_word' id='word_1_471' title='bbox 310 3093 370 3159; x_wconf 80' lang='grc' dir='ltr'>ούσι</span> <span class='ocrx_word' id='word_1_472' title='bbox 390 3099 435 3159; x_wconf 83' lang='grc' dir='ltr'>καί</span> <span class='ocrx_word' id='word_1_473' title='bbox 453 3102 598 3179; x_wconf 87' lang='grc' dir='ltr'>γενομένοις</span> <span class='ocrx_word' id='word_1_474' title='bbox 612 3102 677 3160; x_wconf 60' lang='lat' dir='ltr'>seni</span> <span class='ocrx_word' id='word_1_475' title='bbox 692 3105 895 3176; x_wconf 90' lang='grc' dir='ltr'>πεντεκαίδεκα,</span> <span class='ocrx_word' id='word_1_476' title='bbox 914 3109 960 3175; x_wconf 72' lang='grc' dir='ltr'>τῆς</span> <span class='ocrx_word' id='word_1_477' title='bbox 980 3102 1027 3181; x_wconf 83' lang='grc' dir='ltr'>μὲν</span> <span class='ocrx_word' id='word_1_478' title='bbox 1047 3128 1095 3180; x_wconf 83' lang='grc' dir='ltr'>με-</span> <span class='ocrx_word' id='word_1_479' title='bbox 1142 3108 1314 3169; x_wconf 83' lang='lat' dir='ltr'>inquilinorum</span> <span class='ocrx_word' id='word_1_480' title='bbox 1333 3109 1432 3169; x_wconf 78' lang='lat' dir='ltr'>opifices</span> <span class='ocrx_word' id='word_1_481' title='bbox 1449 3110 1473 3156; x_wconf 88' lang='lat' dir='ltr'>el</span> <span class='ocrx_word' id='word_1_482' title='bbox 1489 3109 1628 3170; x_wconf 81' lang='lat' dir='ltr'>quindecim</span> <span class='ocrx_word' id='word_1_483' title='bbox 1640 3121 1718 3156; x_wconf 74' lang='lat' dir='ltr'>annos</span> <span class='ocrx_word' id='word_1_484' title='bbox 1730 3110 1793 3168; x_wconf 80' lang='lat' dir='ltr'>nati,</span> <span class='ocrx_word' id='word_1_485' title='bbox 1807 3107 1901 3166; x_wconf 78' lang='lat' dir='ltr'>indrrlrl</span> 
     </span>
     <span class='ocr_line' id='line_1_31' title="bbox 269 3189 1901 3270; baseline -0.003 -22"><span class='ocrx_word' id='word_1_486' title='bbox 269 3208 298 3248; x_wconf 82' lang='grc' dir='ltr'>εο</span> <span class='ocrx_word' id='word_1_487' title='bbox 310 3189 409 3257; x_wconf 89' lang='grc' dir='ltr'>τοικίας</span> <span class='ocrx_word' id='word_1_488' title='bbox 423 3191 527 3270; x_wconf 85' lang='grc' dir='ltr'>ἀρχέτω</span> <span class='ocrx_word' id='word_1_489' title='bbox 539 3191 630 3270; x_wconf 82' lang='grc' dir='ltr'>χρόνος</span> <span class='ocrx_word' id='word_1_490' title='bbox 644 3195 658 3248; x_wconf 82' lang='grc' dir='ltr'>ὁ</span> <span class='ocrx_word' id='word_1_491' title='bbox 672 3189 741 3268; x_wconf 82' lang='grc' dir='ltr'>μετά</span> <span class='ocrx_word' id='word_1_492' title='bbox 754 3191 784 3250; x_wconf 83' lang='grc' dir='ltr'>τὸ</span> <span class='ocrx_word' id='word_1_493' title='bbox 795 3192 916 3268; x_wconf 88' lang='grc' dir='ltr'>πέμπτον</span> <span class='ocrx_word' id='word_1_494' title='bbox 928 3192 973 3252; x_wconf 82' lang='grc' dir='ltr'>καί</span> <span class='ocrx_word' id='word_1_495' title='bbox 988 3193 1095 3252; x_wconf 73' lang='grc' dir='ltr'>δέκατον</span> <span class='ocrx_word' id='word_1_496' title='bbox 1142 3200 1264 3257; x_wconf 78' lang='lat' dir='ltr'>tempore,</span> <span class='ocrx_word' id='word_1_497' title='bbox 1284 3209 1332 3256; x_wconf 85' lang='lat' dir='ltr'>quo</span> <span class='ocrx_word' id='word_1_498' title='bbox 1350 3197 1462 3258; x_wconf 83' lang='grc' dir='ltr'>ηυίιιΙιιιιι</span> <span class='ocrx_word' id='word_1_499' title='bbox 1474 3195 1596 3246; x_wconf 87' lang='lat' dir='ltr'>decimum</span> <span class='ocrx_word' id='word_1_500' title='bbox 1609 3209 1701 3245; x_wconf 75' lang='lat' dir='ltr'>annum</span> <span class='ocrx_word' id='word_1_501' title='bbox 1717 3197 1901 3259; x_wconf 71' lang='lat' dir='ltr'>expleverintrn</span> 
     </span>
     <span class='ocr_line' id='line_1_32' title="bbox 311 3277 1901 3365; baseline -0.005 -26"><span class='ocrx_word' id='word_1_502' title='bbox 311 3277 387 3355; x_wconf 81' lang='grc' dir='ltr'>έτος,</span> <span class='ocrx_word' id='word_1_503' title='bbox 410 3281 453 3338; x_wconf 75' lang='lat' dir='ltr'>trel</span> <span class='ocrx_word' id='word_1_504' title='bbox 466 3281 566 3346; x_wconf 89' lang='grc' dir='ltr'>τούτοις</span> <span class='ocrx_word' id='word_1_505' title='bbox 578 3279 605 3338; x_wconf 76' lang='grc' dir='ltr'>δέ</span> <span class='ocrx_word' id='word_1_506' title='bbox 623 3279 720 3340; x_wconf 82' lang='grc' dir='ltr'>εἴκοσιν</span> <span class='ocrx_word' id='word_1_507' title='bbox 739 3279 786 3353; x_wconf 79' lang='grc' dir='ltr'>έτη</span> <span class='ocrx_word' id='word_1_508' title='bbox 798 3283 888 3358; x_wconf 86' lang='grc' dir='ltr'>μείνας</span> <span class='ocrx_word' id='word_1_509' title='bbox 901 3281 948 3340; x_wconf 88' lang='grc' dir='ltr'>ίτω</span> <span class='ocrx_word' id='word_1_510' title='bbox 962 3279 1014 3356; x_wconf 82' lang='grc' dir='ltr'>δτι-η</span> <span class='ocrx_word' id='word_1_511' title='bbox 1025 3285 1096 3365; x_wconf 80' lang='grc' dir='ltr'>αὐτῷ</span> <span class='ocrx_word' id='word_1_512' title='bbox 1142 3285 1264 3348; x_wconf 77' lang='lat' dir='ltr'>inquilinis</span> <span class='ocrx_word' id='word_1_513' title='bbox 1284 3283 1402 3334; x_wconf 71' lang='lat' dir='ltr'>huhrrnlur</span> <span class='ocrx_word' id='word_1_514' title='bbox 1421 3301 1428 3336; x_wconf 88' lang='lat'><strong>:</strong></span> <span class='ocrx_word' id='word_1_515' title='bbox 1448 3285 1535 3334; x_wconf 91' lang='lat' dir='ltr'>deinde</span> <span class='ocrx_word' id='word_1_516' title='bbox 1555 3287 1609 3348; x_wconf 90' lang='lat' dir='ltr'>post</span> <span class='ocrx_word' id='word_1_517' title='bbox 1627 3284 1712 3347; x_wconf 78' lang='lat' dir='ltr'>viginti</span> <span class='ocrx_word' id='word_1_518' title='bbox 1728 3297 1848 3334; x_wconf 72' lang='lat' dir='ltr'>annorum</span> <span class='ocrx_word' id='word_1_519' title='bbox 1863 3295 1901 3331; x_wconf 85' lang='lat' dir='ltr'>nun</span> 
     </span>
     <span class='ocr_line' id='line_1_33' title="bbox 311 3365 1901 3448; baseline 0.002 -24"><span class='ocrx_word' id='word_1_520' title='bbox 311 3366 399 3448; x_wconf 85' lang='grc' dir='ltr'>φίλον·</span> <span class='ocrx_word' id='word_1_521' title='bbox 421 3366 505 3444; x_wconf 90' lang='grc' dir='ltr'>μένειν</span> <span class='ocrx_word' id='word_1_522' title='bbox 521 3365 549 3427; x_wconf 81' lang='grc' dir='ltr'>δέ</span> <span class='ocrx_word' id='word_1_523' title='bbox 567 3367 599 3427; x_wconf 78' lang='grc' dir='ltr'>ἀν</span> <span class='ocrx_word' id='word_1_524' title='bbox 615 3369 762 3448; x_wconf 78' lang='grc' dir='ltr'>βούληται,</span> <span class='ocrx_word' id='word_1_525' title='bbox 782 3368 851 3428; x_wconf 77' lang='grc' dir='ltr'>κατὰ</span> <span class='ocrx_word' id='word_1_526' title='bbox 868 3370 902 3428; x_wconf 78' lang='grc' dir='ltr'>τὰ</span> <span class='ocrx_word' id='word_1_527' title='bbox 917 3371 983 3429; x_wconf 74' lang='grc' dir='ltr'>αὐτὰ</span> <span class='ocrx_word' id='word_1_528' title='bbox 997 3371 1097 3447; x_wconf 65' lang='grc' dir='ltr'>μενέτω</span> <span class='ocrx_word' id='word_1_529' title='bbox 1139 3374 1234 3423; x_wconf 81' lang='lat' dir='ltr'>sionem</span> <span class='ocrx_word' id='word_1_530' title='bbox 1250 3376 1285 3422; x_wconf 90' lang='lat' dir='ltr'>ito</span> <span class='ocrx_word' id='word_1_531' title='bbox 1300 3388 1351 3435; x_wconf 89' lang='lat' dir='ltr'>quo</span> <span class='ocrx_word' id='word_1_532' title='bbox 1363 3374 1466 3436; x_wconf 79' lang='lat' dir='ltr'>quisque</span> <span class='ocrx_word' id='word_1_533' title='bbox 1482 3374 1599 3437; x_wconf 76' lang='lat' dir='ltr'>voluerit3</span> <span class='ocrx_word' id='word_1_534' title='bbox 1613 3374 1650 3423; x_wconf 89' lang='lat' dir='ltr'>sin</span> <span class='ocrx_word' id='word_1_535' title='bbox 1662 3376 1750 3422; x_wconf 70' lang='lat' dir='ltr'>cirtem</span> <span class='ocrx_word' id='word_1_536' title='bbox 1764 3372 1901 3426; x_wconf 68' lang='lat' dir='ltr'>minueret</span> 
     </span>
     <span class='ocr_line' id='line_1_34' title="bbox 309 3453 1901 3541; baseline -0.005 -27"><span class='ocrx_word' id='word_1_537' title='bbox 309 3457 413 3524; x_wconf 87' lang='grc' dir='ltr'>πείσας.</span> <span class='ocrx_word' id='word_1_538' title='bbox 428 3461 442 3515; x_wconf 89' lang='grc' dir='ltr'>θ</span> <span class='ocrx_word' id='word_1_539' title='bbox 456 3453 484 3516; x_wconf 82' lang='grc' dir='ltr'>δὲ</span> <span class='ocrx_word' id='word_1_540' title='bbox 501 3455 586 3515; x_wconf 84' lang='grc' dir='ltr'>ἀπιὼν</span> <span class='ocrx_word' id='word_1_541' title='bbox 599 3457 794 3540; x_wconf 79' lang='grc' dir='ltr'>ἀξελειψάμινσς</span> <span class='ocrx_word' id='word_1_542' title='bbox 805 3457 854 3516; x_wconf 88' lang='grc' dir='ltr'>ίτω</span> <span class='ocrx_word' id='word_1_543' title='bbox 867 3458 912 3526; x_wconf 85' lang='grc' dir='ltr'>τάς</span> <span class='ocrx_word' id='word_1_544' title='bbox 925 3460 1095 3541; x_wconf 71' lang='grc' dir='ltr'>ἀπογραφάς,</span> <span class='ocrx_word' id='word_1_545' title='bbox 1142 3462 1225 3512; x_wconf 85' lang='lat' dir='ltr'>endem</span> <span class='ocrx_word' id='word_1_546' title='bbox 1240 3463 1341 3522; x_wconf 78' lang='lat' dir='ltr'>rollone,</span> <span class='ocrx_word' id='word_1_547' title='bbox 1356 3463 1375 3511; x_wconf 87' lang='lat' dir='ltr'>si</span> <span class='ocrx_word' id='word_1_548' title='bbox 1389 3464 1546 3524; x_wconf 82' lang='lat' dir='ltr'>persuaserit.</span> <span class='ocrx_word' id='word_1_549' title='bbox 1564 3465 1672 3511; x_wconf 79' lang='lat' dir='ltr'>maneto.</span> <span class='ocrx_word' id='word_1_550' title='bbox 1687 3461 1819 3510; x_wconf 83' lang='lat' dir='ltr'>discedens</span> <span class='ocrx_word' id='word_1_551' title='bbox 1830 3457 1901 3508; x_wconf 75' lang='lat' dir='ltr'>result</span> 
     </span>
     <span class='ocr_line' id='line_1_35' title="bbox 310 3543 1901 3630; baseline -0.006 -21"><span class='ocrx_word' id='word_1_552' title='bbox 310 3543 405 3614; x_wconf 73' lang='grc' dir='ltr'>αἵτινες</span> <span class='ocrx_word' id='word_1_553' title='bbox 420 3543 451 3604; x_wconf 74' lang='grc' dir='ltr'>ἀν</span> <span class='ocrx_word' id='word_1_554' title='bbox 468 3547 540 3628; x_wconf 80' lang='grc' dir='ltr'>αύτῷ</span> <span class='ocrx_word' id='word_1_555' title='bbox 553 3545 628 3628; x_wconf 84' lang='grc' dir='ltr'>παρά</span> <span class='ocrx_word' id='word_1_556' title='bbox 640 3555 692 3614; x_wconf 87' lang='grc' dir='ltr'>τοῖς</span> <span class='ocrx_word' id='word_1_557' title='bbox 707 3546 818 3626; x_wconf 81' lang='grc' dir='ltr'>ἄρχουσι</span> <span class='ocrx_word' id='word_1_558' title='bbox 833 3549 1015 3628; x_wconf 69' lang='grc' dir='ltr'>γεγραμμένας</span> <span class='ocrx_word' id='word_1_559' title='bbox 1030 3549 1096 3630; x_wconf 67' lang='grc' dir='ltr'>πρό.</span> <span class='ocrx_word' id='word_1_560' title='bbox 1142 3550 1196 3598; x_wconf 86' lang='lat' dir='ltr'>letis</span> <span class='ocrx_word' id='word_1_561' title='bbox 1213 3552 1246 3598; x_wconf 90' lang='lat' dir='ltr'>ito</span> <span class='ocrx_word' id='word_1_562' title='bbox 1258 3550 1295 3610; x_wconf 87' lang='lat' dir='ltr'>iis,</span> <span class='ocrx_word' id='word_1_563' title='bbox 1310 3563 1366 3612; x_wconf 79' lang='lat' dir='ltr'>qum</span> <span class='ocrx_word' id='word_1_564' title='bbox 1380 3549 1403 3598; x_wconf 85' lang='lat' dir='ltr'>ci</span> <span class='ocrx_word' id='word_1_565' title='bbox 1415 3549 1479 3612; x_wconf 76' lang='lat' dir='ltr'>apud</span> <span class='ocrx_word' id='word_1_566' title='bbox 1496 3549 1651 3611; x_wconf 80' lang='lat' dir='ltr'>magistratus</span> <span class='ocrx_word' id='word_1_567' title='bbox 1664 3549 1689 3598; x_wconf 92' lang='lat' dir='ltr'>in</span> <span class='ocrx_word' id='word_1_568' title='bbox 1704 3549 1801 3599; x_wconf 78' lang='lat' dir='ltr'>tebrrlls</span> <span class='ocrx_word' id='word_1_569' title='bbox 1812 3548 1901 3611; x_wconf 69' lang='lat' dir='ltr'>perstitit</span> 
     </span>
     <span class='ocr_line' id='line_1_36' title="bbox 271 3623 1323 3716; baseline 0.004 -32"><span class='ocrx_word' id='word_1_570' title='bbox 271 3646 296 3685; x_wconf 72' lang='lat' dir='ltr'>tt</span> <span class='ocrx_word' id='word_1_571' title='bbox 312 3657 385 3716; x_wconf 67' lang='grc' dir='ltr'>τερον</span> <span class='ocrx_word' id='word_1_572' title='bbox 400 3623 474 3694; x_wconf 72' lang='grc' dir='ltr'>ὦσιν,</span> <span class='ocrx_word' id='word_1_573' title='bbox 1143 3639 1209 3700; x_wconf 79' lang='lat' dir='ltr'>pl&#39;lus</span> <span class='ocrx_word' id='word_1_574' title='bbox 1226 3639 1323 3703; x_wconf 76' lang='lat' dir='ltr'>luerint.</span> 
     </span>
    </p>
   </div>
   <div class='ocr_carea' id='block_1_3' title="bbox 622 3827 1621 3854">
    <p class='ocr_par' dir='ltr' id='par_1_3' title="bbox 622 3827 1621 3854">
     <span class='ocr_line' id='line_1_37' title="bbox 622 3827 1621 3854; baseline 0.002 -4"><span class='ocrx_word' id='word_1_575' title='bbox 622 3829 785 3853; x_wconf 52' lang='lat' dir='ltr'>‚nano—-</span> <span class='ocrx_word' id='word_1_576' title='bbox 1456 3827 1621 3854; x_wconf 45' lang='lat'>*¹000*-</span> 
     </span>
    </p>
   </div>
   <div class='ocr_carea' id='block_1_4' title="bbox 547 3986 1676 4054">
    <p class='ocr_par' dir='ltr' id='par_1_4' title="bbox 547 3986 1676 4054">
     <span class='ocr_line' id='line_1_38' title="bbox 547 3986 1676 4054; baseline 0.006 -10"><span class='ocrx_word' id='word_1_577' title='bbox 547 3986 673 4045; x_wconf 87' lang='grc' dir='ltr'><strong>ΛΟΓΟΣ</strong></span> <span class='ocrx_word' id='word_1_578' title='bbox 697 3987 861 4046; x_wconf 74' lang='grc' dir='ltr'>ΙῖΝΑἸῸΣ.</span> <span class='ocrx_word' id='word_1_579' title='bbox 1395 3995 1508 4054; x_wconf 83' lang='lat' dir='ltr'>LIBER</span> <span class='ocrx_word' id='word_1_580' title='bbox 1531 3993 1676 4054; x_wconf 89' lang='lat' dir='ltr'><strong>NONUS.</strong></span> 
     </span>
    </p>
   </div>
   <div class='ocr_carea' id='block_1_5' title="bbox 258 4157 1901 4238">
    <p class='ocr_par' dir='ltr' id='par_1_5' title="bbox 258 4107 1901 4238">
     <span class='ocr_line' id='line_1_39' title="bbox 258 4157 1901 4238; baseline -0.002 -19"><span class='ocrx_word' id='word_1_581' title='bbox 258 4177 311 4229; x_wconf 68' lang='lat'>353</span> <span class='ocrx_word' id='word_1_582' title='bbox 351 4159 431 4219; x_wconf 84' lang='grc' dir='ltr'>Δίκαι</span> <span class='ocrx_word' id='word_1_583' title='bbox 446 4157 478 4232; x_wconf 76' lang='grc' dir='ltr'>δὴ</span> <span class='ocrx_word' id='word_1_584' title='bbox 495 4158 529 4217; x_wconf 84' lang='grc' dir='ltr'>τίι</span> <span class='ocrx_word' id='word_1_585' title='bbox 544 4157 612 4236; x_wconf 85' lang='grc' dir='ltr'>μετδι</span> <span class='ocrx_word' id='word_1_586' title='bbox 625 4163 709 4218; x_wconf 77' lang='grc' dir='ltr'>ταῦτα</span> <span class='ocrx_word' id='word_1_587' title='bbox 725 4159 860 4219; x_wconf 87' lang='grc' dir='ltr'>ἀκόλουθοι</span> <span class='ocrx_word' id='word_1_588' title='bbox 877 4165 933 4224; x_wconf 90' lang='grc' dir='ltr'>ταῖς</span> <span class='ocrx_word' id='word_1_589' title='bbox 951 4157 1128 4238; x_wconf 76' lang='grc' dir='ltr'>ἔμπροσθενπ</span> <span class='ocrx_word' id='word_1_590' title='bbox 1173 4171 1228 4217; x_wconf 83' lang='lat' dir='ltr'>luni</span> <span class='ocrx_word' id='word_1_591' title='bbox 1244 4181 1300 4217; x_wconf 84' lang='lat' dir='ltr'>rero</span> <span class='ocrx_word' id='word_1_592' title='bbox 1313 4168 1402 4230; x_wconf 83' lang='lat' dir='ltr'>judiriu</span> <span class='ocrx_word' id='word_1_593' title='bbox 1416 4171 1469 4231; x_wconf 88' lang='lat' dir='ltr'>post</span> <span class='ocrx_word' id='word_1_594' title='bbox 1484 4169 1537 4217; x_wconf 86' lang='lat' dir='ltr'>turc</span> <span class='ocrx_word' id='word_1_595' title='bbox 1554 4167 1720 4231; x_wconf 72' lang='lat' dir='ltr'>precedentes</span> <span class='ocrx_word' id='word_1_596' title='bbox 1733 4170 1842 4218; x_wconf 81' lang='lat' dir='ltr'>actiones</span> <span class='ocrx_word' id='word_1_597' title='bbox 1854 4173 1901 4228; x_wconf 67' lang='lat' dir='ltr'>erun</span> 
     </span>
    </p>
   </div>
   <div class='ocr_carea' id='block_1_6' title="bbox 272 4238 1901 5034">
    <p class='ocr_par' dir='ltr' id='par_1_6' title="bbox 272 4238 1901 5034">
     <span class='ocr_line' id='line_1_40' title="bbox 311 4238 1901 4330; baseline 0.002 -23"><span class='ocrx_word' id='word_1_598' title='bbox 311 4247 434 4330; x_wconf 83' lang='grc' dir='ltr'>πράξεσιν</span> <span class='ocrx_word' id='word_1_599' title='bbox 451 4247 567 4316; x_wconf 77' lang='grc' dir='ltr'>άπάσαις</span> <span class='ocrx_word' id='word_1_600' title='bbox 581 4238 657 4306; x_wconf 77' lang='grc' dir='ltr'>ούσαι</span> <span class='ocrx_word' id='word_1_601' title='bbox 679 4247 748 4305; x_wconf 80' lang='grc' dir='ltr'>κατὰ</span> <span class='ocrx_word' id='word_1_602' title='bbox 763 4248 838 4326; x_wconf 88' lang='grc' dir='ltr'>φύσιν</span> <span class='ocrx_word' id='word_1_603' title='bbox 853 4247 980 4324; x_wconf 86' lang='grc' dir='ltr'>γίγνοιντο</span> <span class='ocrx_word' id='word_1_604' title='bbox 1004 4246 1034 4304; x_wconf 87' lang='grc' dir='ltr'>διν</span> <span class='ocrx_word' id='word_1_605' title='bbox 1050 4247 1096 4316; x_wconf 75' lang='grc' dir='ltr'>τὴν</span> <span class='ocrx_word' id='word_1_606' title='bbox 1141 4258 1160 4306; x_wconf 85' lang='lat' dir='ltr'>si</span> <span class='ocrx_word' id='word_1_607' title='bbox 1175 4262 1315 4319; x_wconf 79' lang='lat' dir='ltr'>sequautur,</span> <span class='ocrx_word' id='word_1_608' title='bbox 1334 4259 1438 4307; x_wconf 78' lang='lat' dir='ltr'>naturali</span> <span class='ocrx_word' id='word_1_609' title='bbox 1461 4257 1616 4307; x_wconf 75' lang='lat' dir='ltr'>terendorum</span> <span class='ocrx_word' id='word_1_610' title='bbox 1632 4259 1713 4320; x_wconf 80' lang='lat' dir='ltr'>legunr</span> <span class='ocrx_word' id='word_1_611' title='bbox 1735 4258 1818 4308; x_wconf 86' lang='lat' dir='ltr'>ordini</span> <span class='ocrx_word' id='word_1_612' title='bbox 1836 4263 1901 4310; x_wconf 78' lang='lat' dir='ltr'>mnu</span> 
     </span>
     <span class='ocr_line' id='line_1_41' title="bbox 310 4323 1901 4413; baseline 0 -17"><span class='ocrx_word' id='word_1_613' title='bbox 310 4341 358 4410; x_wconf 79' lang='grc' dir='ltr'>τῆς</span> <span class='ocrx_word' id='word_1_614' title='bbox 369 4336 568 4410; x_wconf 82' lang='grc' dir='ltr'>διακοσμήσεως</span> <span class='ocrx_word' id='word_1_615' title='bbox 580 4338 633 4394; x_wconf 84' lang='grc' dir='ltr'>τῶν</span> <span class='ocrx_word' id='word_1_616' title='bbox 643 4334 740 4413; x_wconf 87' lang='grc' dir='ltr'>νόμων.</span> <span class='ocrx_word' id='word_1_617' title='bbox 756 4326 870 4392; x_wconf 77' lang='grc' dir='ltr'>ὠντινων</span> <span class='ocrx_word' id='word_1_618' title='bbox 883 4323 928 4392; x_wconf 77' lang='grc' dir='ltr'>ούν</span> <span class='ocrx_word' id='word_1_619' title='bbox 942 4333 974 4404; x_wconf 78' lang='grc' dir='ltr'>δὴ</span> <span class='ocrx_word' id='word_1_620' title='bbox 986 4333 1046 4412; x_wconf 85' lang='grc' dir='ltr'>πέρι</span> <span class='ocrx_word' id='word_1_621' title='bbox 1057 4337 1095 4393; x_wconf 91' lang='grc' dir='ltr'>δεῖ</span> <span class='ocrx_word' id='word_1_622' title='bbox 1142 4349 1239 4393; x_wconf 87' lang='lat' dir='ltr'>laneum</span> <span class='ocrx_word' id='word_1_623' title='bbox 1255 4348 1294 4394; x_wconf 88' lang='lat' dir='ltr'>sit.</span> <span class='ocrx_word' id='word_1_624' title='bbox 1315 4345 1404 4407; x_wconf 78' lang='lat' dir='ltr'>uiribus</span> <span class='ocrx_word' id='word_1_625' title='bbox 1424 4346 1494 4407; x_wconf 79' lang='lat' dir='ltr'>igitur</span> <span class='ocrx_word' id='word_1_626' title='bbox 1508 4346 1538 4395; x_wconf 85' lang='lat' dir='ltr'>de</span> <span class='ocrx_word' id='word_1_627' title='bbox 1558 4347 1631 4396; x_wconf 87' lang='lat' dir='ltr'>rebus</span> <span class='ocrx_word' id='word_1_628' title='bbox 1645 4347 1698 4395; x_wconf 89' lang='lat' dir='ltr'>lieri</span> <span class='ocrx_word' id='word_1_629' title='bbox 1710 4347 1807 4408; x_wconf 70' lang='lat' dir='ltr'>judicie</span> <span class='ocrx_word' id='word_1_630' title='bbox 1820 4348 1901 4408; x_wconf 76' lang='lat' dir='ltr'>oportet</span> 
     </span>
     <span class='ocr_line' id='line_1_42' title="bbox 311 4419 1901 4508; baseline -0.002 -23"><span class='ocrx_word' id='word_1_631' title='bbox 311 4427 445 4508; x_wconf 63' lang='lat' dir='ltr'>piperitide</span> <span class='ocrx_word' id='word_1_632' title='bbox 466 4424 552 4497; x_wconf 88' lang='grc' dir='ltr'>δίκας,</span> <span class='ocrx_word' id='word_1_633' title='bbox 569 4423 602 4482; x_wconf 87' lang='grc' dir='ltr'>τά</span> <span class='ocrx_word' id='word_1_634' title='bbox 619 4421 666 4500; x_wconf 81' lang='grc' dir='ltr'>μέν</span> <span class='ocrx_word' id='word_1_635' title='bbox 690 4423 808 4502; x_wconf 78' lang='grc' dir='ltr'>εἴρηται,</span> <span class='ocrx_word' id='word_1_636' title='bbox 831 4421 866 4480; x_wconf 87' lang='grc' dir='ltr'>τίι</span> <span class='ocrx_word' id='word_1_637' title='bbox 889 4419 958 4479; x_wconf 84' lang='grc' dir='ltr'>κατά</span> <span class='ocrx_word' id='word_1_638' title='bbox 970 4427 1097 4501; x_wconf 87' lang='grc' dir='ltr'>γεωργίας</span> <span class='ocrx_word' id='word_1_639' title='bbox 1142 4447 1177 4482; x_wconf 75' lang='lat' dir='ltr'>een</span> <span class='ocrx_word' id='word_1_640' title='bbox 1197 4435 1283 4496; x_wconf 80' lang='lat' dir='ltr'>parlim</span> <span class='ocrx_word' id='word_1_641' title='bbox 1304 4433 1376 4484; x_wconf 76' lang='lat' dir='ltr'>diotre</span> <span class='ocrx_word' id='word_1_642' title='bbox 1396 4439 1467 4495; x_wconf 86' lang='lat' dir='ltr'>sunt,</span> <span class='ocrx_word' id='word_1_643' title='bbox 1482 4449 1539 4498; x_wconf 76' lang='lat' dir='ltr'>quim</span> <span class='ocrx_word' id='word_1_644' title='bbox 1553 4435 1584 4483; x_wconf 80' lang='lat' dir='ltr'>ed</span> <span class='ocrx_word' id='word_1_645' title='bbox 1604 4434 1783 4497; x_wconf 77' lang='lat' dir='ltr'>agriculturam</span> <span class='ocrx_word' id='word_1_646' title='bbox 1800 4433 1901 4500; x_wconf 50' lang='lat' dir='ltr'>spectile</span> 
     </span>
     <span class='ocr_line' id='line_1_43' title="bbox 310 4508 1901 4588; baseline -0.001 -13"><span class='ocrx_word' id='word_1_647' title='bbox 310 4539 338 4575; x_wconf 89' lang='grc' dir='ltr'>τε</span> <span class='ocrx_word' id='word_1_648' title='bbox 350 4514 395 4574; x_wconf 88' lang='grc' dir='ltr'>καί</span> <span class='ocrx_word' id='word_1_649' title='bbox 409 4513 459 4572; x_wconf 85' lang='grc' dir='ltr'>δσα</span> <span class='ocrx_word' id='word_1_650' title='bbox 473 4511 573 4578; x_wconf 88' lang='grc' dir='ltr'>τούτοις</span> <span class='ocrx_word' id='word_1_651' title='bbox 588 4510 688 4585; x_wconf 86' lang='grc' dir='ltr'>είπιτο,</span> <span class='ocrx_word' id='word_1_652' title='bbox 706 4511 739 4569; x_wconf 87' lang='grc' dir='ltr'>τδι</span> <span class='ocrx_word' id='word_1_653' title='bbox 754 4509 781 4569; x_wconf 80' lang='grc' dir='ltr'>δὲ</span> <span class='ocrx_word' id='word_1_654' title='bbox 797 4509 908 4588; x_wconf 90' lang='grc' dir='ltr'>μέγιστα</span> <span class='ocrx_word' id='word_1_655' title='bbox 922 4508 981 4568; x_wconf 82' lang='grc' dir='ltr'>οὔτε</span> <span class='ocrx_word' id='word_1_656' title='bbox 995 4511 1097 4588; x_wconf 85' lang='grc' dir='ltr'>εἴρηταί</span> <span class='ocrx_word' id='word_1_657' title='bbox 1142 4537 1247 4585; x_wconf 78' lang='grc' dir='ltr'>ηοωιμιε</span> <span class='ocrx_word' id='word_1_658' title='bbox 1269 4524 1305 4572; x_wconf 84' lang='lat' dir='ltr'>tiis</span> <span class='ocrx_word' id='word_1_659' title='bbox 1330 4523 1468 4584; x_wconf 76' lang='lat' dir='ltr'>conjunctu</span> <span class='ocrx_word' id='word_1_660' title='bbox 1489 4528 1571 4584; x_wconf 85' lang='lat' dir='ltr'>erunt,</span> <span class='ocrx_word' id='word_1_661' title='bbox 1591 4525 1701 4573; x_wconf 73' lang='lat' dir='ltr'>inaximo</span> <span class='ocrx_word' id='word_1_662' title='bbox 1718 4529 1804 4574; x_wconf 78' lang='lat' dir='ltr'>autern</span> <span class='ocrx_word' id='word_1_663' title='bbox 1819 4522 1901 4574; x_wconf 85' lang='lat' dir='ltr'>necdicl</span> 
     </span>
     <span class='ocr_line' id='line_1_44' title="bbox 272 4598 1901 4682; baseline -0.001 -20"><span class='ocrx_word' id='word_1_664' title='bbox 272 4626 297 4662; x_wconf 83' lang='lat' dir='ltr'>rs</span> <span class='ocrx_word' id='word_1_665' title='bbox 309 4629 366 4681; x_wconf 78' lang='grc' dir='ltr'>πω,</span> <span class='ocrx_word' id='word_1_666' title='bbox 380 4603 438 4663; x_wconf 86' lang='grc' dir='ltr'>καθ’</span> <span class='ocrx_word' id='word_1_667' title='bbox 448 4601 474 4662; x_wconf 76' lang='grc' dir='ltr'>ἓν</span> <span class='ocrx_word' id='word_1_668' title='bbox 486 4599 596 4661; x_wconf 79' lang='grc' dir='ltr'>ἕκαστόν</span> <span class='ocrx_word' id='word_1_669' title='bbox 606 4624 634 4659; x_wconf 88' lang='grc' dir='ltr'>τε</span> <span class='ocrx_word' id='word_1_670' title='bbox 644 4599 782 4678; x_wconf 89' lang='grc' dir='ltr'>λεγόμενον</span> <span class='ocrx_word' id='word_1_671' title='bbox 797 4599 884 4682; x_wconf 73' lang='grc' dir='ltr'>ῥηθέν,</span> <span class='ocrx_word' id='word_1_672' title='bbox 898 4598 930 4670; x_wconf 83' lang='grc' dir='ltr'>ἣν</span> <span class='ocrx_word' id='word_1_673' title='bbox 942 4599 1096 4676; x_wconf 81' lang='grc' dir='ltr'>δεῖλαμὸά-</span> <span class='ocrx_word' id='word_1_674' title='bbox 1142 4617 1198 4661; x_wconf 86' lang='lat' dir='ltr'>suut</span> <span class='ocrx_word' id='word_1_675' title='bbox 1212 4612 1305 4672; x_wconf 80' lang='lat' dir='ltr'>adium,</span> <span class='ocrx_word' id='word_1_676' title='bbox 1317 4617 1341 4661; x_wconf 87' lang='lat' dir='ltr'>et</span> <span class='ocrx_word' id='word_1_677' title='bbox 1354 4611 1447 4673; x_wconf 76' lang='lat' dir='ltr'>singula</span> <span class='ocrx_word' id='word_1_678' title='bbox 1464 4613 1604 4674; x_wconf 76' lang='lat' dir='ltr'>singulatim</span> <span class='ocrx_word' id='word_1_679' title='bbox 1624 4614 1748 4675; x_wconf 73' lang='lat' dir='ltr'>proposita</span> <span class='ocrx_word' id='word_1_680' title='bbox 1764 4627 1823 4662; x_wconf 88' lang='lat' dir='ltr'>curn</span> <span class='ocrx_word' id='word_1_681' title='bbox 1837 4611 1901 4666; x_wconf 78' lang='lat' dir='ltr'>derunt</span> 
     </span>
     <span class='ocr_line' id='line_1_45' title="bbox 310 4685 1901 4770; baseline -0.004 -18"><span class='ocrx_word' id='word_1_682' title='bbox 310 4717 362 4753; x_wconf 88' lang='grc' dir='ltr'>νειν</span> <span class='ocrx_word' id='word_1_683' title='bbox 382 4692 446 4751; x_wconf 79' lang='grc' dir='ltr'>αὐτὸ</span> <span class='ocrx_word' id='word_1_684' title='bbox 462 4689 593 4770; x_wconf 88' lang='grc' dir='ltr'>τιμωρίαν</span> <span class='ocrx_word' id='word_1_685' title='bbox 613 4688 659 4747; x_wconf 83' lang='grc' dir='ltr'>καί</span> <span class='ocrx_word' id='word_1_686' title='bbox 679 4689 755 4747; x_wconf 88' lang='grc' dir='ltr'>τίνων</span> <span class='ocrx_word' id='word_1_687' title='bbox 769 4689 832 4748; x_wconf 77' lang='grc' dir='ltr'>ποτὲ</span> <span class='ocrx_word' id='word_1_688' title='bbox 851 4691 980 4748; x_wconf 87' lang='grc' dir='ltr'>δικαστῶν</span> <span class='ocrx_word' id='word_1_689' title='bbox 995 4689 1095 4767; x_wconf 81' lang='grc' dir='ltr'>τυγχά-</span> <span class='ocrx_word' id='word_1_690' title='bbox 1108 4685 1130 4748; x_wconf 92' lang='lat' dir='ltr'>b</span> <span class='ocrx_word' id='word_1_691' title='bbox 1141 4701 1242 4748; x_wconf 77' lang='lat' dir='ltr'>stratum</span> <span class='ocrx_word' id='word_1_692' title='bbox 1255 4700 1338 4760; x_wconf 79' lang='lat' dir='ltr'>luent,</span> <span class='ocrx_word' id='word_1_693' title='bbox 1353 4713 1401 4760; x_wconf 80' lang='lat' dir='ltr'>qua</span> <span class='ocrx_word' id='word_1_694' title='bbox 1414 4713 1483 4761; x_wconf 73' lang='lat' dir='ltr'>runnu</span> <span class='ocrx_word' id='word_1_695' title='bbox 1502 4699 1632 4749; x_wconf 79' lang='lat' dir='ltr'>alliciendo</span> <span class='ocrx_word' id='word_1_696' title='bbox 1644 4703 1670 4750; x_wconf 91' lang='lat' dir='ltr'>el</span> <span class='ocrx_word' id='word_1_697' title='bbox 1686 4701 1835 4764; x_wconf 76' lang='lat' dir='ltr'>quiihusnurn</span> <span class='ocrx_word' id='word_1_698' title='bbox 1847 4698 1901 4762; x_wconf 70' lang='lat' dir='ltr'>judie</span> 
     </span>
     <span class='ocr_line' id='line_1_46' title="bbox 309 4777 1901 4858; baseline -0.004 -20"><span class='ocrx_word' id='word_1_699' title='bbox 309 4805 371 4855; x_wconf 90' lang='grc' dir='ltr'>νειν,</span> <span class='ocrx_word' id='word_1_700' title='bbox 396 4784 452 4858; x_wconf 89' lang='grc' dir='ltr'>μετ’</span> <span class='ocrx_word' id='word_1_701' title='bbox 474 4780 550 4840; x_wconf 73' lang='grc' dir='ltr'>ἐκεῖν’</span> <span class='ocrx_word' id='word_1_702' title='bbox 576 4777 643 4837; x_wconf 86' lang='grc' dir='ltr'>αύτά</span> <span class='ocrx_word' id='word_1_703' title='bbox 665 4777 722 4851; x_wconf 77' lang='grc' dir='ltr'>ἑξῆς</span> <span class='ocrx_word' id='word_1_704' title='bbox 745 4784 828 4837; x_wconf 82' lang='grc' dir='ltr'>ταῦτα</span> <span class='ocrx_word' id='word_1_705' title='bbox 851 4778 953 4858; x_wconf 77' lang='grc' dir='ltr'>ῥητέον.</span> <span class='ocrx_word' id='word_1_706' title='bbox 977 4812 1015 4823; x_wconf 89' lang='grc'>-</span> <span class='ocrx_word' id='word_1_707' title='bbox 1036 4781 1095 4839; x_wconf 87' lang='grc' dir='ltr'>ΚΔ.</span> <span class='ocrx_word' id='word_1_708' title='bbox 1143 4787 1188 4836; x_wconf 85' lang='lat' dir='ltr'>bus</span> <span class='ocrx_word' id='word_1_709' title='bbox 1197 4787 1244 4837; x_wconf 88' lang='lat' dir='ltr'>siut</span> <span class='ocrx_word' id='word_1_710' title='bbox 1258 4789 1511 4850; x_wconf 84' lang='lat' dir='ltr'>committendn,pust</span> <span class='ocrx_word' id='word_1_711' title='bbox 1526 4788 1566 4836; x_wconf 87' lang='lat' dir='ltr'>illu</span> <span class='ocrx_word' id='word_1_712' title='bbox 1581 4789 1697 4851; x_wconf 86' lang='lat' dir='ltr'>deinceps</span> <span class='ocrx_word' id='word_1_713' title='bbox 1709 4791 1762 4851; x_wconf 74' lang='lat' dir='ltr'>ipsu</span> <span class='ocrx_word' id='word_1_714' title='bbox 1778 4781 1901 4854; x_wconf 69' lang='lat' dir='ltr'>limodirrnl</span> 
     </span>
     <span class='ocr_line' id='line_1_47' title="bbox 309 4863 1901 4949; baseline -0.004 -19"><span class='ocrx_word' id='word_1_715' title='bbox 309 4871 421 4948; x_wconf 80' lang='grc' dir='ltr'>Ὀρθῶς.</span> <span class='ocrx_word' id='word_1_716' title='bbox 444 4903 486 4916; x_wconf 91' lang='grc'>-</span> <span class='ocrx_word' id='word_1_717' title='bbox 510 4871 573 4931; x_wconf 83' lang='grc' dir='ltr'>ΑΘ.</span> <span class='ocrx_word' id='word_1_718' title='bbox 598 4867 717 4949; x_wconf 80' lang='grc' dir='ltr'>Αίσχρδν</span> <span class='ocrx_word' id='word_1_719' title='bbox 745 4864 838 4945; x_wconf 78' lang='grc' dir='ltr'>μίνδή</span> <span class='ocrx_word' id='word_1_720' title='bbox 859 4890 916 4926; x_wconf 90' lang='grc' dir='ltr'>τινα</span> <span class='ocrx_word' id='word_1_721' title='bbox 939 4866 1097 4946; x_wconf 84' lang='grc' dir='ltr'>τρόπονκαὶ</span> <span class='ocrx_word' id='word_1_722' title='bbox 1141 4880 1205 4926; x_wconf 91' lang='lat' dir='ltr'>suut.</span> <span class='ocrx_word' id='word_1_723' title='bbox 1224 4903 1255 4914; x_wconf 90' lang='lat'>—</span> <span class='ocrx_word' id='word_1_724' title='bbox 1277 4881 1319 4926; x_wconf 81' lang='lat' dir='ltr'>cc.</span> <span class='ocrx_word' id='word_1_725' title='bbox 1336 4879 1457 4926; x_wconf 78' lang='lat' dir='ltr'>Recte·</span> <span class='ocrx_word' id='word_1_726' title='bbox 1474 4863 1901 4941; x_wconf 78' lang='lat' dir='ltr'>dru&#39;turpequideurquodarnuul</span> 
     </span>
     <span class='ocr_line' id='line_1_48' title="bbox 310 4955 1901 5034; baseline -0.003 -19"><span class='ocrx_word' id='word_1_727' title='bbox 310 4963 456 5034; x_wconf 88' lang='grc' dir='ltr'>νομοθετεῖν</span> <span class='ocrx_word' id='word_1_728' title='bbox 471 4957 558 5016; x_wconf 86' lang='grc' dir='ltr'>πάντα</span> <span class='ocrx_word' id='word_1_729' title='bbox 573 4957 658 5016; x_wconf 77' lang='grc' dir='ltr'>ὁπόσα</span> <span class='ocrx_word' id='word_1_730' title='bbox 673 4962 717 5014; x_wconf 85' lang='grc' dir='ltr'>νῖιν</span> <span class='ocrx_word' id='word_1_731' title='bbox 735 4955 865 5032; x_wconf 84' lang='grc' dir='ltr'>μέλλομεν</span> <span class='ocrx_word' id='word_1_732' title='bbox 886 4961 962 5012; x_wconf 78' lang='grc' dir='ltr'>τοῦτο</span> <span class='ocrx_word' id='word_1_733' title='bbox 986 4956 1057 5034; x_wconf 74' lang='grc' dir='ltr'>δρᾷν,</span> <span class='ocrx_word' id='word_1_734' title='bbox 1071 4957 1097 5012; x_wconf 80' lang='grc' dir='ltr'>ἐν</span> <span class='ocrx_word' id='word_1_735' title='bbox 1141 4965 1166 5014; x_wconf 86' lang='lat' dir='ltr'>el</span> <span class='ocrx_word' id='word_1_736' title='bbox 1180 4964 1271 5026; x_wconf 81' lang='lat' dir='ltr'>legibus</span> <span class='ocrx_word' id='word_1_737' title='bbox 1282 4966 1373 5014; x_wconf 77' lang='lat' dir='ltr'>suricire</span> <span class='ocrx_word' id='word_1_738' title='bbox 1385 4966 1466 5014; x_wconf 81' lang='lat' dir='ltr'>omniu</span> <span class='ocrx_word' id='word_1_739' title='bbox 1481 4979 1537 5028; x_wconf 81' lang='lat' dir='ltr'>qum</span> <span class='ocrx_word' id='word_1_740' title='bbox 1550 4979 1615 5014; x_wconf 87' lang='lat' dir='ltr'>nuuc</span> <span class='ocrx_word' id='word_1_741' title='bbox 1629 4968 1725 5015; x_wconf 83' lang='lat' dir='ltr'>suricire</span> <span class='ocrx_word' id='word_1_742' title='bbox 1739 4969 1763 5014; x_wconf 91' lang='lat' dir='ltr'>in</span> <span class='ocrx_word' id='word_1_743' title='bbox 1775 4968 1856 5014; x_wconf 82' lang='lat' dir='ltr'>enimn</span> <span class='ocrx_word' id='word_1_744' title='bbox 1865 4961 1901 5026; x_wconf 68' lang='lat' dir='ltr'>luit</span> 
     </span>
    </p>
   </div>
   <div class='ocr_carea' id='block_1_7' title="bbox 271 5033 1901 5391">
    <p class='ocr_par' dir='ltr' id='par_1_7' title="bbox 271 5033 1901 5391">
     <span class='ocr_line' id='line_1_49' title="bbox 271 5033 1901 5125; baseline -0.004 -25"><span class='ocrx_word' id='word_1_745' title='bbox 271 5063 298 5100; x_wconf 84' lang='lat' dir='ltr'>so</span> <span class='ocrx_word' id='word_1_746' title='bbox 309 5047 418 5125; x_wconf 83' lang='grc' dir='ltr'>τοιαύτῃ</span> <span class='ocrx_word' id='word_1_747' title='bbox 432 5046 525 5122; x_wconf 86' lang='grc' dir='ltr'>πόλει,</span> <span class='ocrx_word' id='word_1_748' title='bbox 547 5044 581 5117; x_wconf 73' lang='grc' dir='ltr'>ἤν</span> <span class='ocrx_word' id='word_1_749' title='bbox 597 5067 683 5122; x_wconf 88' lang='grc' dir='ltr'>φαμεν</span> <span class='ocrx_word' id='word_1_750' title='bbox 698 5043 850 5115; x_wconf 73' lang='grc' dir='ltr'>οἰκήσεσθαί</span> <span class='ocrx_word' id='word_1_751' title='bbox 862 5066 890 5101; x_wconf 90' lang='grc' dir='ltr'>τε</span> <span class='ocrx_word' id='word_1_752' title='bbox 908 5033 938 5101; x_wconf 75' lang='grc' dir='ltr'>εὖ</span> <span class='ocrx_word' id='word_1_753' title='bbox 952 5041 997 5100; x_wconf 85' lang='grc' dir='ltr'>καί</span> <span class='ocrx_word' id='word_1_754' title='bbox 1009 5041 1096 5109; x_wconf 88' lang='grc' dir='ltr'>τεύξε-</span> <span class='ocrx_word' id='word_1_755' title='bbox 1141 5063 1208 5111; x_wconf 86' lang='grc' dir='ltr'>ιιιυε,</span> <span class='ocrx_word' id='word_1_756' title='bbox 1221 5065 1250 5100; x_wconf 81' lang='lat' dir='ltr'>ea</span> <span class='ocrx_word' id='word_1_757' title='bbox 1271 5053 1295 5100; x_wconf 93' lang='lat' dir='ltr'>in</span> <span class='ocrx_word' id='word_1_758' title='bbox 1308 5053 1419 5110; x_wconf 77' lang='lat' dir='ltr'>civitate,</span> <span class='ocrx_word' id='word_1_759' title='bbox 1430 5066 1504 5115; x_wconf 81' lang='lat' dir='ltr'>quarn</span> <span class='ocrx_word' id='word_1_760' title='bbox 1517 5058 1542 5102; x_wconf 89' lang='lat' dir='ltr'>el</span> <span class='ocrx_word' id='word_1_761' title='bbox 1564 5055 1626 5103; x_wconf 82' lang='lat' dir='ltr'>liene</span> <span class='ocrx_word' id='word_1_762' title='bbox 1642 5055 1802 5103; x_wconf 79' lang='lat' dir='ltr'>coristilutunr</span> <span class='ocrx_word' id='word_1_763' title='bbox 1823 5059 1846 5100; x_wconf 84' lang='lat' dir='ltr'>et</span> <span class='ocrx_word' id='word_1_764' title='bbox 1857 5045 1901 5110; x_wconf 80' lang='lat' dir='ltr'>erud</span> 
     </span>
     <span class='ocr_line' id='line_1_50' title="bbox 312 5131 1901 5214; baseline -0.001 -24"><span class='ocrx_word' id='word_1_765' title='bbox 312 5138 371 5190; x_wconf 91' lang='grc' dir='ltr'>σθαι</span> <span class='ocrx_word' id='word_1_766' title='bbox 396 5133 486 5205; x_wconf 88' lang='grc' dir='ltr'>πάσης</span> <span class='ocrx_word' id='word_1_767' title='bbox 499 5136 637 5214; x_wconf 84' lang='grc' dir='ltr'>ὀρθότητος</span> <span class='ocrx_word' id='word_1_768' title='bbox 656 5131 719 5213; x_wconf 77' lang='grc' dir='ltr'>πρὸς</span> <span class='ocrx_word' id='word_1_769' title='bbox 733 5134 897 5204; x_wconf 78' lang='grc' dir='ltr'>ἐπιτήδευσιν</span> <span class='ocrx_word' id='word_1_770' title='bbox 910 5133 1012 5210; x_wconf 81' lang='grc' dir='ltr'>ἀρετῆς.</span> <span class='ocrx_word' id='word_1_771' title='bbox 1028 5132 1054 5188; x_wconf 76' lang='lat' dir='ltr'>lu</span> <span class='ocrx_word' id='word_1_772' title='bbox 1069 5131 1096 5188; x_wconf 88' lang='grc' dir='ltr'>δὲ</span> <span class='ocrx_word' id='word_1_773' title='bbox 1142 5142 1215 5189; x_wconf 74' lang='lat' dir='ltr'>reclae</span> <span class='ocrx_word' id='word_1_774' title='bbox 1225 5140 1323 5190; x_wconf 74' lang='lat' dir='ltr'>rationis</span> <span class='ocrx_word' id='word_1_775' title='bbox 1339 5141 1368 5189; x_wconf 78' lang='lat' dir='ltr'>rut</span> <span class='ocrx_word' id='word_1_776' title='bbox 1383 5142 1497 5190; x_wconf 82' lang='lat' dir='ltr'>virtutem</span> <span class='ocrx_word' id='word_1_777' title='bbox 1511 5143 1638 5191; x_wconf 80' lang='lat' dir='ltr'>colendum</span> <span class='ocrx_word' id='word_1_778' title='bbox 1651 5147 1792 5204; x_wconf 78' lang='grc' dir='ltr'>ουιιηιιιιειιι</span> <span class='ocrx_word' id='word_1_779' title='bbox 1808 5142 1856 5189; x_wconf 82' lang='lat' dir='ltr'>lure</span> <span class='ocrx_word' id='word_1_780' title='bbox 1871 5133 1901 5188; x_wconf 78' lang='lat' dir='ltr'>did</span> 
     </span>
     <span class='ocr_line' id='line_1_51' title="bbox 311 5219 1901 5298; baseline -0.003 -20"><span class='ocrx_word' id='word_1_781' title='bbox 311 5219 501 5298; x_wconf 80' lang='grc' dir='ltr'>τῇτοιαύτητδ</span> <span class='ocrx_word' id='word_1_782' title='bbox 513 5223 559 5280; x_wconf 84' lang='grc' dir='ltr'>καί</span> <span class='ocrx_word' id='word_1_783' title='bbox 572 5222 658 5290; x_wconf 80' lang='grc' dir='ltr'>ἀξιοῦν</span> <span class='ocrx_word' id='word_1_784' title='bbox 671 5226 717 5292; x_wconf 69' lang='grc' dir='ltr'>τῆς</span> <span class='ocrx_word' id='word_1_785' title='bbox 727 5224 778 5279; x_wconf 85' lang='grc' dir='ltr'>τῶν</span> <span class='ocrx_word' id='word_1_786' title='bbox 792 5221 878 5279; x_wconf 87' lang='grc' dir='ltr'>σίλλων</span> <span class='ocrx_word' id='word_1_787' title='bbox 887 5219 1032 5298; x_wconf 87' lang='grc' dir='ltr'>μοχθηρίας</span> <span class='ocrx_word' id='word_1_788' title='bbox 1044 5222 1096 5278; x_wconf 84' lang='grc' dir='ltr'>τῶν</span> <span class='ocrx_word' id='word_1_789' title='bbox 1142 5241 1204 5277; x_wconf 85' lang='lat' dir='ltr'>mus.</span> <span class='ocrx_word' id='word_1_790' title='bbox 1219 5228 1242 5277; x_wconf 92' lang='lat' dir='ltr'>in</span> <span class='ocrx_word' id='word_1_791' title='bbox 1257 5229 1372 5290; x_wconf 74' lang='lat' dir='ltr'>eirrsnrodi</span> <span class='ocrx_word' id='word_1_792' title='bbox 1387 5235 1468 5279; x_wconf 87' lang='lat' dir='ltr'>nutem</span> <span class='ocrx_word' id='word_1_793' title='bbox 1483 5231 1581 5280; x_wconf 80' lang='lat' dir='ltr'>eirilute</span> <span class='ocrx_word' id='word_1_794' title='bbox 1593 5231 1666 5280; x_wconf 85' lang='lat' dir='ltr'>etium</span> <span class='ocrx_word' id='word_1_795' title='bbox 1681 5235 1768 5295; x_wconf 80' lang='lat' dir='ltr'>putare</span> <span class='ocrx_word' id='word_1_796' title='bbox 1789 5231 1901 5292; x_wconf 74' lang='lat' dir='ltr'>reliquunt</span> 
     </span>
     <span class='ocr_line' id='line_1_52' title="bbox 314 5298 1901 5391; baseline -0.002 -27"><span class='ocrx_word' id='word_1_797' title='bbox 314 5307 443 5387; x_wconf 86' lang='grc' dir='ltr'>μεγίστοιν</span> <span class='ocrx_word' id='word_1_798' title='bbox 458 5307 602 5391; x_wconf 75' lang='grc' dir='ltr'>ἐμφύεσθαί</span> <span class='ocrx_word' id='word_1_799' title='bbox 617 5333 675 5368; x_wconf 90' lang='grc' dir='ltr'>τινα</span> <span class='ocrx_word' id='word_1_800' title='bbox 692 5307 843 5386; x_wconf 78' lang='grc' dir='ltr'>μεθέξοντα,</span> <span class='ocrx_word' id='word_1_801' title='bbox 860 5305 928 5366; x_wconf 81' lang='grc' dir='ltr'>ὥστε</span> <span class='ocrx_word' id='word_1_802' title='bbox 947 5309 998 5365; x_wconf 87' lang='grc' dir='ltr'>δεῖν</span> <span class='ocrx_word' id='word_1_803' title='bbox 1015 5329 1096 5380; x_wconf 91' lang='grc' dir='ltr'>νομο-</span> <span class='ocrx_word' id='word_1_804' title='bbox 1142 5316 1266 5379; x_wconf 70' lang='lat' dir='ltr'>pravitatis</span> <span class='ocrx_word' id='word_1_805' title='bbox 1283 5333 1363 5370; x_wconf 85' lang='lat' dir='ltr'>rerum</span> <span class='ocrx_word' id='word_1_806' title='bbox 1376 5298 1571 5381; x_wconf 69' lang='lat' dir='ltr'>pravissimorum</span> <span class='ocrx_word' id='word_1_807' title='bbox 1589 5319 1734 5383; x_wconf 76' lang='lat' dir='ltr'>participem</span> <span class='ocrx_word' id='word_1_808' title='bbox 1759 5320 1868 5369; x_wconf 87' lang='lat' dir='ltr'>tulurrun</span> <span class='ocrx_word' id='word_1_809' title='bbox 1883 5313 1901 5362; x_wconf 85' lang='grc' dir='ltr'>ιΙ</span> 
     </span>
    </p>
   </div>
   <div class='ocr_carea' id='block_1_8' title="bbox 0 0 1938 5848">
    <p class='ocr_par' dir='ltr' id='par_1_8' title="bbox 0 0 1938 5848">
     <span class='ocr_line' id='line_1_53' title="bbox 0 0 1938 5848; baseline 0 0"><span class='ocrx_word' id='word_1_810' title='bbox 0 0 1938 5848; x_wconf 95' lang='lat' dir='ltr'> </span> 
     </span>
    </p>
   </div>
  </div>
 </body>
</html>
