3864 5848
130 417 290 500 tasi-uae.)
799 413 932 481 Ludus,
957 413 1030 480 uis.
1053 411 1091 479 ii.

355 510 695 616 noronuuuuuozss
1197 551 1513 616 uunuuucruns.

61 755 125 806 834
166 731 208 790 il
198 725 244 787 .τά
258 723 343 794 tiri<
357 723 516 805 αίκίαςττερλ
530 725 627 793 παντὸς
648 724 711 786 δι’
690 750 712 784 ει
715 726 802 807 pileolo
815 727 912 786 τοιόνδε
991 743 1048 792 Post
1059 739 1217 792 couturmelras
1226 743 1308 791 aulem
1314 754 1388 804 ,ηιιιε
1399 741 1492 805 corpori
1505 741 1668 805 iulerunlur,
1662 755 1684 792 ιιι
1696 757 1744 794 um

126 841 152 878 τι
163 818 274 897 νόμιμον
298 814 440 897 βιαίων’
404 837 482 897 περι·
492 818 546 875 τῶν
527 813 701 931 ἀλλοτρίων
718 817 772 895 μηδ
774 815 819 876 ένα
831 815 914 894 μηδέν
958 845 1056 883 versum
1066 844 1114 882 ιιιιε
1125 831 1262 896 hujusmodl
1272 831 1312 881 lex
1324 831 1447 882 dictaeslo
1461 831 1496 882 de
1504 832 1634 882 violentis.
1646 845 1677 884 ne
1693 834 1747 896 qrris

126 905 213 990 φέρειν
230 906 297 986 μηδὲ
312 905 402 985 ἅγιοι,
426 903 489 984 μηδ’
510 894 545 963 αν
565 909 680 1018 χρῆσθαι
698 903 837 982 μηδενί
802 929 854 964 των
868 911 914 965 τοῦ
958 923 1029 978 alini
1022 919 1170 985 qnlouuauu
1180 921 1241 972 leret
1252 935 1311 972 nere
1323 922 1387 984 agat,
1397 935 1444 972 neu
1454 934 1579 985 quoquam
1588 923 1672 972 utatur
1682 923 1746 984 qurod

127 996 225 1077 πέλας,
239 995 285 1058 llo
306 994 343 1075 μὴ
357 995 437 1078 πείση
451 995 496 1055 τδν
508 995 677 1076 κεκτημένον.
695 997 725 1055 lx
739 993 791 1079 γδρ
813 993 845 1068 δὴ
866 1020 912 1056 του
957 1009 1057 1061 alteriue
1067 1010 1166 1075 sitnisi
1175 1011 1320 1076 persuaserit
1336 1010 1474 1074 possessori.
1486 1011 1543 1060 lunc
1553 1009 1617 1060 enirn
1633 1024 1747 1074 suspenso

82 1115 98 1158 ι
125 1087 242 1149 τοῑοῦτου
255 1085 342 1147 πάντα
356 1083 540 1168 ἠρτημένα
506 1109 579 1146 τοτε
592 1079 718 1168 είρημίνα
739 1085 810 1146 κακά
822 1081 913 1167 γέγονε
957 1100 1076 1152 omniaet
1093 1114 1149 1164 quaa
1163 1100 1299 1151 dictasunt
1316 1101 1379 1151 mala
1395 1101 1492 1150 luerunt
1508 1102 1534 1150 et
1552 1099 1646 1150 suntet
1661 1099 1746 1163 eruul;

125 1177 171 1239 καλ
182 1177 238 1238 ίσπι
255 1175 301 1237 καί
315 1175 405 1237 ἔσται·
425 1175 538 1256 μέγιστα
550 1174 578 1236 dl
599 1173 631 1249 δὴ
644 1179 697 1235 τῶν
708 1177 807 1236 λοιπῶν
820 1180 848 1236 et
861 1179 912 1236 τῶν
959 1190 1134 1242 maximarum
1148 1189 1296 1254 reliquorum
1307 1192 1365 1241 aunt
1377 1203 1419 1251 ee,
1436 1202 1492 1253 qun
1503 1189 1666 1241 adolescentes
1677 1191 1748 1253 petu-

124 1267 189 1328 νέων
202 1265 344 1328 ἀκολασίαι
354 1289 384 1326 τε
397 1264 444 1326 καί
455 1261 557 1345 depae,
572 1267 607 1335 εἷς
617 1264 730 1346 μίγῑοτᾶ
742 1263 789 1341 ὅθ,
802 1262 865 1326 ὅταν
879 1267 915 1334 οἷς
959 1279 1037 1330 lenter
1043 1281 1068 1331 et
1076 1279 1250 1332 contumeliose
1259 1280 1338 1330 lacere
1346 1278 1464 1340 solent,in
1475 1278 1582 1329 maxima
1591 1281 1683 1341 autem,
1692 1291 1747 1328 cum

125 1355 184 1439 ίερδι
200 1357 357 1438 γίγνωνται,
368 1355 415 1416 καλ
430 1354 604 1438 διαφερόντως
619 1347 652 1414 ού
664 1354 787 1435 μεγάλα,
799 1353 862 1414 όταν
880 1357 916 1424 είς
959 1367 985 1418 in
1004 1381 1075 1419 sacro
1088 1368 1164 1432 fiunt,
1174 1370 1200 1420 et
1214 1368 1325 1432 Inprimis
1334 1380 1421 1432 mepta
1430 1381 1529 1430 rursus,
1544 1382 1602 1418 euru
1616 1367 1641 1418 in
1653 1368 1749 1432 publica

125 1446 240 1525 δημόσια
255 1446 300 1506 καί
313 1443 407 1527 ἀγιαῆ
424 1444 494 1505 κατδι
507 1441 574 1525 μέρη
589 1444 664 1505 κσινδι
680 1446 798 1526 φυλετῶν
809 1443 827 1516 ἤ
838 1468 915 1504 τινων
959 1459 985 1507 et
999 1459 1084 1508 sancta
1094 1457 1132 1508 vel
1144 1457 1231 1522 partim
1243 1457 1384 1508 communia
1398 1456 1526 1508 tribulium
1537 1458 1575 1508 vel
1594 1458 1697 1508 aliorum
1706 1459 1748 1509 tali

63 1536 218 1595 885ἀλλων
232 1535 356 1596 τοιούτων
376 1533 615 1609 κεκοινωνηκότων·
635 1535 670 1603 τίς
682 1533 740 1614 ίερδι
761 1533 789 1592 δὲ
800 1533 855 1593 ίδια
869 1534 915 1592 καί
929 1549 948 1590 a
961 1546 1067 1610 quadam
1083 1547 1256 1598 commuuione
1267 1546 1438 1608 utentium3in
1447 1559 1517 1597 sacra
1526 1545 1619 1611 priuata
1630 1549 1712 1596 autem
1725 1547 1750 1596 el

125 1626 222 1708 cnloco<
236 1623 343 1706 δεύτερα
355 1623 401 1685 καλ
413 1623 551 1706 δευτέρως·
561 1625 598 1692 είς
612 1623 640 1683 δέ
653 1623 744 1702 γονέας
755 1622 846 1699 τρίτα,
858 1646 914 1704 χω·
959 1637 1071 1700 εσρυΙοτε
1082 1635 1190 1688 munda
1199 1637 1225 1688 et
1237 1638 1292 1686 loco
1300 1634 1424 1698 seeundo;
1441 1635 1466 1686 in
1481 1636 1593 1699 parentes
1606 1637 1687 1686 autem
1698 1637 1749 1686 ter-

128 1715 165 1798 ρὶς
179 1717 230 1775 τῶν
245 1713 392 1796 ἔμπροσθεν
407 1713 566 1796 εἰρημένων,
577 1712 639 1773 ὅταν
651 1714 744 1794 ύύρίζῃ
759 1736 806 1781 τις.
821 1711 914 1793 τέταρ·
959 1725 1007 1788 lia,
1019 1740 1076 1778 oum
1090 1726 1145 1792 quis
1156 1727 1309 1791 praeterante
1324 1727 1514 1776 commemorata
1528 1726 1702 1776 contumeliose
1717 1725 1750 1775 la·

125 1829 169 1866 τον
183 1804 210 1865 it
219 1803 292 1884 γένος
306 1801 423 1888 tepuere,
438 1803 502 1864 όταν
517 1806 697 1885 ἀφροντιστῶν
706 1828 744 1873 τις
757 1805 809 1863 τῶν
820 1802 914 1886 ἀρχόν·
960 1817 1004 1866 cit.
1016 1820 1130 1880 quartum
1141 1817 1222 1867 autem
1234 1829 1309 1880 genus
1320 1815 1489 1877 contumelio,
1500 1829 1556 1866 cunr
1564 1815 1678 1879 neglectis
1687 1814 1750 1880 quis·

125 1919 178 1954 των
191 1891 273 1976 όγῃῆ
295 1892 391 1977 φίρηῆ
410 1889 507 1975 χρῆταί
523 1916 575 1952 τινι
586 1895 639 1954 τῶν
653 1891 759 1953 ίιιείνων
773 1889 811 1971 μὴ
824 1893 916 1961 πείσας
961 1906 1026 1971 plum
1040 1905 1218 1970 magistratibus
1226 1905 1274 1956 lert
1286 1905 1325 1956 rel
1335 1903 1386 1969 agit
1396 1904 1463 1969 qnod
1480 1904 1577 1956 iliorum
1594 1905 1644 1968 eat,
1654 1904 1693 1955 rel
1704 1903 1750 1954 ali-

83 1999 112 2039 1ο
127 1982 232 2052 αύτούς.
251 1983 372 2061 πέμπτον
399 1981 427 2044 δὲ
443 1981 473 2043 τδ
486 1981 622 2043 πολιτικδν
636 1981 668 2042 ἀν
682 1981 844 2055 είηέκάστου
863 1985 915 2042 τῶν
961 2009 1012 2058 quo
1023 2007 1108 2045 eorum
1118 1995 1197 2046 utitur
1205 1994 1272 2045 nulla
1284 1994 1561 2060 adhibltapersuasioue.
1573 1996 1659 2060 quinto
1670 1996 1752 2046 autem
1861 2057 1865 2066 .

128 2075 242 2134 πολιτῶν
263 2071 383 2156 θύρισθέν
404 2071 478 2146 δίκην
492 2070 709 2149 ἐπικαλούμενον.
725 2062 764 2139 οἷς
782 2069 814 2144 δὴ
830 2070 916 2132 δοτέον
962 2083 1017 2134 loco
1031 2083 1109 2135 civilis
1124 2082 1243 2146 cujusque
1261 2084 1352 2134 ciuium
1371 2083 1635 2135 statusconlnmeliose
1658 2083 1753 2134 habitus

127 2165 164 2232 είς
181 2162 266 2223 κοινὸν
282 2161 361 2240 νόμον
382 2160 510 2230 ἑκάστοις.
524 2161 660 2243 ἱεροσυλία
680 2159 729 2239 μέν
748 2159 799 2242 γάρ
814 2159 916 2241 εἴρηται
958 2173 1022 2238 juria
1033 2173 1150 2225 auxilium
1162 2174 1273 2224 advocat.
1293 2173 1330 2224 luis
1340 2172 1413 2238 igitur
1427 2172 1508 2223 danda
1528 2173 1567 2225 lex
1582 2174 1753 2224 incommune

127 2251 293 2326 ξυλλήῶδην,
310 2249 393 2331 βίαιός
404 2273 433 2310 τε
446 2250 492 2310 καί
512 2249 601 2332 λάθρα
615 2248 660 2308 ἔάν
673 2251 809 2328 γίγνηται,
826 2249 853 2308 τί
863 2249 916 2331 χρὴ
929 2243 1000 2314 best
1017 2263 1164 2327 quibusque.
1183 2276 1240 2314 nam
1252 2262 1283 2312 de
1300 2261 1423 2326 murileglo
1440 2261 1552 2327 quidem,
1570 2263 1621 2315 sive
1637 2275 1681 2328 per
1702 2263 1753 2313 vim

127 2340 256 2423 πάσχειν·
271 2339 322 2400 δσα
336 2339 365 2400 δέ
376 2338 447 2421 λόγῳ
462 2337 507 2398 καλ
519 2339 569 2399 dou
581 2338 649 2420 ἔργῳ
662 2337 721 2419 περλ
736 2335 809 2407 θεούς
818 2338 916 2418 ύόρίζει
960 2347 1084 2398 sireclam
1097 2347 1154 2408 liet,
1164 2347 1223 2411 quid
1237 2346 1381 2412 patiendum
1391 2349 1437 2410 sti,
1449 2348 1590 2400 summatlm
1599 2347 1693 2399 dictum
1702 2350 1753 2412 esl3

80 2452 111 2492 nu
127 2455 166 2501 τις
179 2430 262 2512 λέγων
275 2428 293 2503 ἢ
308 2427 449 2513 πράττων,
462 2427 494 2488 τὸ
512 2427 679 2510 παραμύθιον
693 2427 846 2510 ὑποθεμένῳ
859 2431 915 2577 ρη-
963 2450 1021 2502 quoe
1041 2451 1100 2487 vero
1114 2436 1311 2501 nobisquinque
1322 2436 1393 2488 laclls
1409 2437 1434 2487 iu
1449 2437 1507 2488 deos
1519 2437 1694 2490 contumeliose
1707 2437 1753 2488 ali·

126 2521 183 2582 τίον
198 2521 264 2582 &dei
275 2522 397 2600 πάσχειν.
412 2517 480 2578 ἔστω
489 2515 522 2590 δὴ
533 2517 606 2577 τάδε·
615 2515 686 2586 θεούς
694 2515 838 2596 ἡγούμενος
850 2541 862 2578 ε
874 2542 916 2578 ναι
961 2527 1016 2591 quis
1031 2526 1090 2577 dicit
1098 2526 1138 2577 rel
1148 2527 1219 2590 lacit,
1228 2526 1396 2579 adhortatione
1408 2529 1531 2592 proconissa
1542 2529 1631 2592 quibos
1639 2541 1695 2578 eum
1705 2541 1754 2592 poe·

127 2610 196 2671 κατδι
211 2599 304 2688 νόμους
324 2607 407 2679 udal<
418 2605 527 2669 πώποτε
546 2605 606 2667 ούτε
621 2605 695 2686 ἔργον
709 2605 807 2673 ’ἀσεόὲς
827 2607 917 2688 είργά-
961 2615 1075 2666 nleailicl
1093 2618 1219 2680 oporteat,
1237 2617 1375 2667 dicendum.
1392 2619 1444 2668 esto
1465 2617 1538 2681 igitur
1557 2617 1640 2670 necue
1660 2619 1755 2683 wie

129 2723 194 2762 σατο
207 2697 317 2759 tado*
288 2722 347 2759 ουτε
369 2697 447 2779 λόγον
471 2700 570 2780 ἀφῆκεν
591 2693 703 2774 άνομον,
720 2695 788 2754 ἀλλά
803 2693 830 2754 ἐν
844 2696 877 2768 δή
891 2720 918 2757 τι
962 2717 1087 2768 numam,
1097 2705 1207 2770 quideos
1220 2705 1413 2757 essesecundum
1423 2706 1486 2771 leges
1497 2705 1591 2768 eredit
1600 2707 1659 2757 aul
1652 2708 1753 2772 impium

127 2791 270 2874 τῶνςριῶν
284 2787 409 2870 πάσχων,
424 2787 550 2861 ἢτοῦτο,
573 2783 637 2867 όπιρ
658 2774 732 2845 ε’ίπον
740 2786 814 2866 ,οὐχ
835 2783 918 2866 ἡγού-
962 2795 1053 2845 ledum
1068 2791 1306 2858 perpetraviirolene
1319 2797 1363 2846 aut
1376 2795 1750 2856 verbumoremtsttneraudurn

81 2897 112 2938 ua
129 2903 225 2958 μενος,
245 2877 406 2957 ἣτδδεύτερ
407 2900 436 2937 ον
455 2875 577 2943 ἄντας’
551 2900 581 2936 ου
595 2874 737 2957 φροντίζειν
757 2875 804 2937 ἀνθ
791 2872 917 2956 θρῶπων,
962 2884 1053 2934 sedent
1067 2883 1181 2949 nimirum
1193 2884 1224 2935 de
1240 2883 1277 2934 lus
1286 2883 1365 2936 tubus
1377 2885 1464 2936 uocudlt
1473 2898 1566 2947 uuum
1576 2887 1605 2936 ut
1622 2886 1665 2936 aut
1677 2885 1753 2948 lllud,

127 2967 176 3042 ἢτ
178 2969 247 3050 ρίτσν
268 2969 335 3034 τύποι
338 2966 501 3050 ραμυθήτους
517 2955 583 3024 εἶναι
598 2964 699 3033 θυσίαις
713 2989 741 3025 τε
765 2967 852 3025 καί’
828 2975 919 3048 ευχαῑς
962 2972 1029 3036 quod
1046 2973 1111 3036 dixi,
1126 2987 1176 3024 uon
1191 2974 1288 3044 eredat,
1308 2977 1350 3024 eut
1364 2974 1470 3025 secundo
1484 2987 1535 3026 esse
1548 2973 1700 3037 euseredat‚
1710 2975 1753 3026 sed

127 3081 167 3118 πα
170 2993 392 3139 ρραγομίνους-
416 3058 479 3118 ΚΔ.
503 3046 585 3117 Τί
555 3078 600 3114 ουν
620 3052 686 3128 δὴδ
688 3057 773 3137 ρῶμεν
794 3053 827 3114 ἀν
841 3052 859 3127 ἢ
873 3055 919 3116 καλ
932 3072 949 3113 c
964 3062 1023 3112 nihil
1036 3076 1120 3113 curare
1140 3039 1264 3128 homines,
1279 3064 1322 3114 aut
1341 3063 1413 3114 tertio
1433 3063 1503 3113 lacile
1528 3063 1664 3127 permoveri
1685 3077 1755 3128 posse

128 3145 326 3228 λίγυιμενπρδς
341 3144 449 3218 «θεούς,
464 3177 505 3190 -
519 3144 583 3205 ΑΘ.
598 3142 715 3224 'll-soll,
728 3142 918 3223 ἐπακούσωμεν
962 3152 1491 3218 aacrilidisetpreoibusllectendm-cu
1501 3153 1623 3213 Quidnam
1632 3153 1752 3217 igilurla·

129 3239 216 3296 αὐτῶν
230 3259 334 3318 πραιτον
348 3233 602 3318 θ”τφικαταφρονειν
615 3235 693 3311 ἡμῶν
708 3233 918 3315 προσπαίζοντας
963 3243 1103 3294 ciemnevel
1117 3243 1410 3296 etlamdioeuruslist-
1423 3248 1485 3294 Ατιι.
1498 3247 1519 3295 0
1538 3242 1615 3306 boue,
1626 3243 1753 3294 audiemus

85 3343 115 3382 οο
129 3323 224 3394 αυτους
234 3324 318 3406 λεγειν
331 3323 505 3404 μαντεύομαι.
497 3325 632 3384 ..-ΚΛ
647 3256 832 3396 Ποῖαδης-
849 3327 915 3386 ΑΘ.
963 3333 1069 3396 primunr
1077 3347 1107 3385 ex
1120 3348 1148 3384 us
1157 3347 1221 3398 qum
1229 3348 1285 3384 euru
1296 3348 1340 3386 uos
1349 3331 1754 3398 despicuaut10mnteseoedicore

128 3415 271 3478 'retra‘
238 3418 298 3495 ταχ’
320 3414 352 3475 δν
367 3411 608 3496 ἐρεσχηλοῦντες“’
583 3435 694 3472 ειποιεν·
710 3368 820 3477 Ωίίνε
841 3413 917 3475 Ἀθη·
963 3435 1077 3486 auguror.
1091 3426 1176 3475 ..cn
1192 3425 1443 3484 Quaenamif-Aru.
1458 3425 1517 3473 lleec
1534 3421 1633 3473 lortasse
1644 3422 1754 3472 ludentes

129 3509 187 3566 ναῖε
202 3504 247 3566 καί
268 3503 463 3584 Λακεδαιμόνιε
483 3502 531 3564 καλ
549 3501 688 3580 Κνωοσιε,
709 3504 794 3575 ἀληθῆ
813 3500 916 3584 λέγετε.
962 3511 1059 3563 dicent.
1077 3513 1198 3577 ohuspes
1213 3513 1365 3563 Atheniensis
1376 3514 1401 3564 et
1412 3511 1595 3563 Leeedaemonue
1607 3512 1632 3561 et
1643 3511 1754 3574 ῦιιοιιειε

129 3597 207 3674 ἡμῶν
227 3592 278 3676 γάρ
299 3597 323 3654 ol
338 3593 430 3673 μίν
404 3617 436 3654 το
449 3591 581 3675 παράπαν
593 3591 666 3660 θιους
679 3593 801 3670 οὐδαμῶς
814 3593 917 3672 νομίζσ·
965 3615 1023 3652 veru
1034 3603 1145 3654 narratis.
1156 3603 1196 3654 alil
1212 3603 1276 3653 enim
1285 3603 1396 3653 nostrum
1411 3601 1511 3652 omniuo
1521 3600 1580 3652 deos
1592 3601 1660 3650 nullo
1672 3598 1754 3660 modo,

131 3709 199 3764 μεν,
214 3687 238 3746 ol
255 3683 282 3744 δέ
294 3683 362 3752 οίους
375 3683 450 3763 θμεῖς
471 3685 573 3762 λέγετε.
591 3681 712 3760 ἀξιοῦμεν
732 3682 784 3756 δὴ,
799 3683 919 3766 καθάπερ
965 3693 1005 3745 alii
1020 3693 1105 3758 quietes
1115 3707 1158 3744 ros
1168 3693 1260 3757 dicitis,
1270 3692 1409 3742 statuimus.
1420 3691 1571 3758 postulamus
1580 3689 1660 3754 igliur,
1671 3703 1755 3753 quern·

85 3797 115 3836 οε
130 3778 205 3853 ὑμεῖς
213 3773 343 3848 ἠξιώκατε
353 3771 413 3854 περλ
421 3770 590 3855 νόμων,πρλν
599 3773 715 3832 ἀπειλεῖν
724 3775 789 3850 ἡμῖν
798 3773 918 3856 σκληρῶς
932 3773 952 3838 (Ι
967 3782 1099 3834 admodum
1108 3796 1152 3833 vos
1162 3781 1324 3847 postulavistis
1333 3781 1357 3834 iu
1366 3781 1473 3845 legibus,
1483 3781 1648 3844 utanteqnarn
1660 3779 1754 3831 duriter

133 3869 219 3942 ύμάς,
236 3862 362 3945 πρότερον
384 3863 526 3943 ἐπιχειρεῖν
549 3860 647 3919 πείθειν
660 3861 707 3924 καλ
726 3861 871 3938 διδάσκειν,
885 3867 921 3931 ὡς
964 3873 1049 3923 minori
1064 3871 1134 3922 nobis
1146 3871 1278 3936 incipietis,
1291 3872 1357 3935 prius
1368 3871 1461 3921 idoneis
1472 3871 1619 3936 argumentis
1628 3869 1757 3922 allerendis

133 3953 185 4013 εἶσὶ
203 3952 270 4028 θεοί,
288 3947 421 4032 τεκμήρια
436 3948 554 4030 λέγοντες
568 3948 664 4029 ίκανδι,
676 3949 723 4014 καλ
735 3948 775 4010 δτι
788 3951 919 4032 βελτίους,
965 3960 1109 4027 persuadere
1121 3962 1190 4011 nobis
1199 3963 1223 4012 et
1233 3961 1334 4025 probare
1343 3959 1462 4011 conemini
1474 3974 1526 4011 esse
1537 3960 1596 4012 deos
1609 3962 1635 4012 et
1644 3961 1757 4012 meliores

133 4041 151 4114 θ,
167 4039 242 4124 παρὰ
260 4039 290 4100 τδ
312 4041 412 4100 δίκαιον
427 4039 480 4100 tut
501 4063 578 4099 τινων
598 4037 688 4120 δώρων
703 4040 920 4126 παρατρέπεσθαι
966 4065 1033 4114 esse,
1049 4064 1124 4115 quiam
1136 4051 1178 4115 quil
1193 4050 1262 4100 donis
1273 4049 1419 4113 quibusdam
1442 4049 1588 4113 permulcerl
1602 4051 1627 4100 et
1642 4049 1673 4099 ale
1691 4047 1756 4112 juram

133 4131 300 4210 κηλούμενοι.
313 4135 359 4190 νῶν
374 4127 422 4208 μέν
437 4127 489 4210 γάρ
502 4133 586 4189 ταῦτα
602 4129 738 4199 ἀκούοντές
758 4155 787 4196 τε
805 4129 851 4192 καί
864 4154 920 4192 τοι·
965 4141 1057 4191 ratione
1065 4141 1157 4205 possint
1166 4139 1251 4191 averti.
1260 4151 1317 4190 nam
1326 4153 1392 4189 nunc
1400 4138 1499 4204 quidem
1511 4139 1566 4189 haee
1577 4141 1602 4190 et
1613 4137 1755 4202 hujusmodi

91 4237 119 4276 ιο
135 4225 192 4282 αἵθ’
206 4219 283 4303 ἕτερα
300 4222 352 4280 τῶν
366 4217 514 4298 λεγομένων
537 4217 650 4300 ἀρίστοιν
671 4209 739 4279 εἶναι
761 4223 877 4298 ποιητῶν
892 4245 920 4282 τε
965 4231 1011 4283 alia
1024 4231 1055 4281 ab
1066 4229 1161 4294 lis,qul
1171 4229 1255 4294 optimi
1271 4230 1391 4292 leuentur,
1402 4229 1480 4293 poetis
1491 4230 1516 4280 et
1529 4229 1666 4280 oratoribus
1678 4235 1701 4281 et
1715 4244 1757 4281 να-

135 4312 181 4372 καλ
195 4311 311 4394 ῥητόρων
325 4308 372 4370 καὶ
380 4307 499 4388 μάντεων
510 4307 556 4369 καλ
567 4306 660 4390 ἱερέων
670 4309 715 4370 καί
729 4309 817 4370 ἀλλων
829 4310 922 4394 μυριά-
967 4321 1032 4371 libus
1042 4320 1069 4370 et
1081 4320 1248 4371 sacerdotibus
1264 4321 1289 4370 et
1298 4319 1351 4369 aliis
1363 4318 1449 4369 millies
1459 4319 1562 4369 millenis
1570 4317 1695 4370 audientes
1708 4332 1757 4369 nou

135 4426 175 4470 κις
189 4399 288 4484 μυρίων
302 4401 350 4461 eux
363 4397 407 4459 ἐπί
420 4397 450 4458 τδ
466 4396 561 4480 μρὴδ
549 4405 581 4456 ἀν
595 4399 629 4458 τδι
644 4397 723 4459 ἄδικα
735 4398 885 4482 τρεπόμεθα
897 4402 921 4461 οἱ
967 4425 1010 4471 eo,
1020 4411 1049 4460 ut
1061 4423 1092 4460 ne
1101 4409 1220 4460 iaciamus
1228 4407 1332 4472 injusta
1345 4406 1509 4459 convellimus
1524 4421 1570 4458 nos
1583 4408 1703 4472 plerique,
1715 4407 1757 4458 sed

136 4492 269 4564 πλεῖστοι,
285 4485 472 4570 δράσαντεςδ’
492 4422 641 4557 ἀξαρκείσθαι
665 4488 830 4571 πειρώμεθα
849 4487 922 4569 παρά
967 4501 1037 4554 lectus
1049 4499 1193 4550 medicinam
1210 4497 1569 4562 querimus;alegulatonbus
1580 4510 1695 4547 veronen
1707 4499 1757 4546 tru

137 4579 163 4640 δέ
179 4578 211 4653 δὴ
226 4581 375 4658 νομοθετῶν
395 4576 568 4688 φασκόντων
573 4567 697 4659 ιμῖναιί
683 4578 837 4660 ἢάγρίων,
854 4577 924 4641 ἀλλά
937 4599 955 4642 e
968 4590 1086 4652 collectis,
1104 4590 1134 4640 ut
1150 4588 1195 4654 lpsl
1210 4588 1294 4652 aiunt,
1308 4587 1350 4638 sed
1367 4586 1466 4639 mitibus
1485 4584 1649 4650 postulamus,
1661 4587 1689 4636 ul
1703 4599 1757 4650 per·

95 4695 122 4736 te
137 4669 262 4754 ἡμέρων,
278 4667 497 4746 ἀξιοῦμενπειθοῑ
511 4671 615 4750 πρῶτον
628 4603 777 4752 χρῆόθαιπ
779 4668 921 4750 ρδςὴμᾶς,
967 4681 1079 4732 suasione
1096 4691 1202 4743 primum
1214 4676 1280 4741 apud
1293 4690 1339 4727 nos
1352 4678 1465 4738 utantur,
1478 4675 1499 4726 ει
1508 4688 1558 4725 non
1569 4675 1647 4724 multo
1659 4675 1758 4724 meliora

137 4766 159 4820 εἰ
170 4756 207 4872 μὴ
224 4759 316 4839 πολλῷ
333 4757 473 4837 delrio*
438 4782 490 4817 των
503 4756 591 4818 ἀλλων
601 4757 723 4838 λέγοντας
732 4757 795 4839 περὶ
811 4761 875 4818 θεῶν
889 4761 925 4827 ῶς
969 4765 1074 4827 celeris,
1089 4765 1115 4814 ul
1130 4763 1229 4814 meliora
1245 4765 1328 4814 minen
1340 4763 1370 4813 od
1391 4763 1518 4813 veritatem
1533 4761 1640 4813 dicentes
1651 4760 1682 4811 de
1697 4760 1758 4820 diis.

139 4849 219 4926 εἰσίν,
242 4849 301 4908 ἀλλ’
325 4838 370 4906 σύν
388 4847 483 4927 βελτίω
501 4871 531 4925 γε
548 4847 613 4928 πρὸς
628 4846 769 4921 ἀληθειαν·
761 4846 831 4907 ·καλ
853 4847 924 4928 τάχα
969 4855 1058 4920 qulbus
1072 4865 1175 4905 εεεοευε
1185 4852 1368 4916 demonstrent
1380 4853 1405 4903 et
1419 4852 1476 4926 lueri
1493 4843 1593 4902 lodessa
1607 4851 1711 4918 poterit.
1731 4853 1760 4899 ut

139 4894 281 5017 πειθοίμεθ’
293 4935 324 4996 ἀν
338 4935 483 5015 ίσωςυμῒν.
497 4938 556 4997 ἀλλ’
567 4937 772 5020 ἐπιχειρεῖτε,
748 4961 770 4996 ει
784 4935 924 5020 τιμίτριον
971 4943 1107 5009 persuaderi
1119 4943 1188 4993 nohis
1197 4942 1327 5008 patiamur
1342 4941 1392 5006 iam
1412 4941 1550 5004 conemini¹
1560 4940 1580 4992 sl
1592 4953 1692 5008 aequuum
1705 4953 1761 4989 oro

139 5027 262 5107 λέγομεν,
276 5026 358 5086 εἰπεῖν
373 5025 423 5086 ἀπ
440 5025 617 5104 οκαλούμεθα.
637 5061 677 5094 -1
689 5029 751 5091 illl.
764 5030 886 5106 Οὐκοῦν,
901 5016 924 5087 ῶ
970 5047 1038 5097 mus,
1051 5033 1132 5084 dicere
1145 5046 1200 5097 qun
1207 5031 1329 5094 jubemus.
1343 5057 1373 5069 -
1387 5034 1431 5084 (tu.
1446 5033 1532 5081 Nonne
1542 5029 1624 5102 igilur,
1634 5029 1758 5098 oliospes

97 5127 125 5168 ω
139 5113 209 5196 ξένε,
225 5117 295 5178 δοκεῖ
310 5114 398 5198 ῥηίδιον
416 5049 483 5174 ελναι
508 5113 683 5188 ἀληθεύοντας
696 5114 797 5196 λέγειν,
820 5119 855 5184 ῶς
875 5113 926 5174 elul
972 5122 1213 5174 luciterideturvere
1224 5119 1340 5170 aiilrrnari
1352 5133 1404 5171 esse
1415 5120 1492 5170 deos?
1502 5124 1606 5170 -Δτιι,
1616 5115 1761 5178 Quomodo?

82 5203 206 5286 88⁶i20l3
220 5239 260 5254 -
274 5209 338 5268 ΑΘ.
353 5207 430 5278 Πῶς,
441 5237 482 5250 -
497 5206 557 5266 lin.
568 5206 679 5285 Πρῶτον
691 5203 738 5282 μὲν
751 5209 785 5284 γῆ
797 5203 842 5264 καί
854 5203 927 5278 ἥλιος
940 5215 958 5256 a
971 5240 1003 5251 -
1014 5215 1057 5264 cr..
1070 5210 1177 5262 Primum
1187 5209 1285 5272 quuidern
1299 5213 1362 5260 terra
1371 5213 1395 5260 et
1405 5211 1440 5260 sol
1450 5209 1574 5272 slellaeque
1585 5209 1609 5258 et
1618 5205 1762 5258 unlrereltaa

142 5295 225 5380 ἀστρα
235 5320 263 5357 τε
274 5293 320 5357 καί
335 5292 368 5354 τδι
380 5292 536 5374 ξύμπαντα,
548 5293 594 5354 καλ
607 5293 642 5353 τά
655 5297 707 5354 τῶν
721 5298 796 5377 ῶρῶν
809 5296 928 5354 διακεκο·
974 5315 1070 5366 τετιιτα,
1084 5303 1138 5354 tum
1152 5302 1263 5366 tempora
1276 5302 1326 5352 tum
1337 5300 1438 5366 pulrlrre
1447 5300 1577 5363 adornata,
1588 5298 1688 5349 auniset
1696 5310 1752 5348 men
