3782 5840
68 451 184 536 μηηη
698 449 859 511 crvrms
883 449 953 509 ms.
976 452 1027 512 vr,
1600 467 1653 522 m

67 589 440 672 οινόγεωςκαὶθπιχειροῦντος
451 593 498 648 τοῦ
508 587 612 670 ἔχοντος
622 591 741 670 χρῆσθαι
752 588 830 664 αὐτῇ,
875 596 990 647 connum
1009 597 1120 660 directis,
1138 602 1255 662 prmssnte
1266 599 1324 651 itam
1346 599 1410 653 iniis
1427 601 1519 663 colore,
1537 603 1583 655 nist
1594 603 1659 657 ausit

66 678 178 762 mpsim<
190 677 217 737 ai
230 677 315 760 χρόας
326 681 354 736 ἐν
370 680 470 751 αὐτοῖς,
485 676 529 736 tis
544 676 581 755 μὴ
593 701 630 736 πα
650 675 774 756 αγένηται
788 673 831 753 γε’·
875 698 950 747 genus
959 687 1056 737 tertium
1064 686 1191 751 proprisset
1202 687 1247 740 lroc
1254 689 1333 753 ipsum
1342 693 1426 741 nutura
1436 691 1534 756 iactum,
1542 706 1620 758 neque
1627 677 1659 744 ri·

66 795 99 838 νας
107 768 185 848 τρίτον
198 766 252 848 ἰδίη
264 767 306 826 ἀπ’
317 767 382 826 αύτδ
392 771 469 826 τοῦτο
479 766 608 849 περονιδς,
620 701 710 838 οίσθα,
723 763 762 824 ότι
772 761 789 834 ll
801 784 830 821 τε
841 774 859 816 e
876 786 931 824 sum
943 775 991 826 scis
999 775 1128 840 quicquam
1140 775 1221 827 videre
1231 790 1309 841 nequo
1321 779 1386 828 cerni
1401 779 1493 832 colores
1502 794 1582 844 posse.
1598 781 1658 848 [cm]

67 861 111 940 δρα
121 855 189 916 ούδθν
200 855 294 937 ύζνεται
305 855 340 915 τό
356 879 386 915 τε
402 854 533 936 χρώματα
546 853 619 914 ἔσται
633 854 742 936 ἀόρατα.
753 850 829 918 Τίνος
872 863 1006 926 Quidnam,
1025 865 1115 929 inquit,
1127 865 1152 914 id
1171 878 1225 916 esse
1235 865 1311 916 dicis?
1327 865 1414 931 [soom]
1425 868 1533 930 scilicet,
1543 869 1660 933 inquom,

49 945 196 1025 tillires,
211 945 276 1027 ἶρη,
296 942 496 1019 τούτουςὋδὴ
511 942 542 1003 οῦ
556 945 658 1018 καλεῖς,
674 935 706 1017 ἦν
725 940 747 1001 δ’
761 941 828 1020 ἐγὼ,
872 951 973 1014 qnodtn
988 952 1066 1002 iucem
1080 964 1160 1003 roms.
1176 952 1309 1019 [cn.]vern
1322 955 1537 1020 loqueris‚inquit.
1569 956 1660 1023 [eccm]

67 1041 116 1118 pte.
153 1034 264 1107 Ἀληθῆ,
287 1031 354 1115 όρη,
368 1031 459 1112 λέγεις.
502 1034 542 1094 ot
560 1041 659 1114 σμικρᾷ
678 1031 730 1113 ἀρα
743 1028 830 1112 ἰδίηὴ
874 1042 928 1091 tion
937 1041 1022 1103 exigno
1031 1041 1189 1104 igiturrerunr
1201 1055 1288 1106 genere
1296 1043 1452 1094 excellentius
1464 1045 1586 1096 vinculum
1598 1047 1660 1097 inter

34 1132 101 1190 testei
110 1129 166 1206 θρᾷν
179 1123 296 1196 αίοθησις
304 1121 376 1193 καὶὴ
386 1127 431 1181 τοῦ
443 1126 552 1204 ὁρᾶσθαι
561 1120 668 1200 δύναμις
679 1125 729 1180 τῶν
743 1118 829 1179 ἄλλοιν
844 1127 942 1179 avions
953 1139 1051 1180 sensum
1064 1131 1088 1181 et
1098 1130 1123 1180 in
1133 1135 1288 1196 conspectum
1299 1131 1411 1182 veniendi
1425 1133 1577 1198 facultatem,
1586 1149 1660 1198 quom

67 1213 185 1282 ξυζεύξιων
196 1210 347 1291 τιμιωτέρῳ
361 1213 431 1292 ζυγῷ
445 1207 582 1288 ἐζύγησαν,
599 1209 723 1291 είπιρμή
739 1207 832 1284 ἄτιμον
877 1217 1048 1282 interreiiqnss
1057 1217 1218 1282 copulationes
1226 1218 1365 1282 intercedit,
1381 1220 1427 1271 nisi
1438 1221 1500 1272 iorte
1509 1228 1659 1274 contemnen-

67 1302 152 1382 τὸρῦς.
193 1297 274 1358 ’Am
288 1297 350 1374 μὴν,
362 1297 432 1380 ζέρη,
450 1300 547 1358 πολλοῦ
559 1321 588 1376 γε
603 1299 642 1356 δεῖ
655 1297 747 1375 ἄτιμον
757 1287 831 1356 εἶναι.
877 1303 907 1355 dn
921 1305 1661 1372 resestiux.[cn.]ritrcro,inquii‚abesimultumutoon-

41 1415 58 1444 ιν
66 1391 120 1452 Τίνα
131 1380 173 1449 σύν
186 1387 257 1469 ύχιις
270 1386 440 1448 αίτιοίσασθαι
451 1391 503 1447 τῶν
516 1389 542 1445 ἐν
553 1388 655 1468 οὐρανῷ
664 1391 729 1446 θεῶν
742 1383 833 1444 τούτου
878 1394 1006 1447 temnenda
1015 1395 1055 1445 sii.
1065 1394 1159 1461 [soom]
1169 1398 1247 1454 Quem
1260 1397 1332 1460 igitur
1340 1397 1441 1449 deorum
1450 1400 1581 1452 celestium
1590 1401 1662 1463 hujus

67 1479 149 1558 κύριον,
162 1468 192 1536 ού
201 1479 268 1555 ἡμῖν
282 1475 313 1535 τδ
322 1479 377 1558 ιριῦς
387 1474 446 1557 ὄψιν
455 1499 484 1534 τε
497 1481 566 1534 ποιεῖ
582 1478 645 1556 θρᾷν
657 1472 696 1532 ὅτι
706 1473 833 1533 κάλλιστα
878 1497 974 1535 οαοοειο
984 1488 1068 1548 ροισι,
1084 1483 1155 1547 onius
1170 1484 1213 1535 lux
1229 1483 1318 1536 eiiicint
1329 1489 1356 1537 ut
1370 1492 1396 1537 et
1412 1487 1481 1538 visus
1493 1492 1574 1540 noster
1587 1502 1660 1553 quam

66 1569 101 1626 καὶ
110 1565 140 1626 τθ
152 1563 274 1647 δρώμενα
290 1567 416 1644 ὁρᾶσθαι,
428 1561 532 1644 Ὀνπερ
547 1561 592 1622 καί
607 1561 657 1640 οῦ,
673 1563 736 1643 ἔφη,
752 1558 798 1619 καί
810 1561 834 1618 oi
878 1573 969 1638 optime
986 1573 1069 1623 cernat
1083 1575 1108 1623 ct
1119 1572 1195 1623 oculis
1215 1573 1309 1637 objecta
1319 1575 1530 1642 cernantur?[cn.]
1544 1581 1623 1639 Quem
1637 1583 1662 1629 et

67 1653 275 1726 ὣλοι·τθνήλιον
288 1652 341 1735 γθρ
352 1653 430 1726 δῆλον
449 1650 490 1710 ότι
510 1653 617 1732 ἐρωτᾷς.
658 1640 713 1728 ’Ἆρ’
728 1639 834 1707 ούνιῦδε
878 1659 1258 1724 tu‚inqnit,etcetcri:nenrpo
1268 1662 1344 1712 solem
1361 1663 1501 1728 interrogas.
1519 1663 1684 1730 [socn·]Ad·

66 1743 161 1826 πίρυκεν
175 1743 235 1824 ὄψις
250 1742 315 1822 πρὸς
327 1748 418 1801 τοῦτον
436 1741 479 1801 τὸν
494 1739 566 1817 θεόν;
583 1742 663 1815 Πῶς,
687 1741 746 1799 Οῦκ
766 1736 834 1796 ἔστιν
880 1748 1508 1819 huncigiturdeunrnonneitsserisusinabet?[cs.]
1518 1755 1660 1814 Quomodo?

40 1843 58 1885 15
66 1831 124 1902 ήηιος
135 1837 152 1902 ἡ
162 1831 222 1912 blau<
234 1829 288 1889 οὔτ’
302 1829 369 1902 αῦτη
382 1827 441 1888 οῦτε
454 1831 481 1888 ἐν
499 1819 521 1910 ᾧ
535 1827 693 1907 ἐγγίγνεται,
706 1824 720 1884 δ
734 1823 765 1896 δὴ
779 1845 836 1882 κοὸ
881 1835 970 1902 [soon]
989 1837 1063 1887 Visus
1074 1836 1109 1887 soi
1126 1851 1174 1887 non
1186 1840 1225 1889 est
1235 1853 1313 1903 neque
1331 1840 1381 1904 ipse
1390 1855 1467 1906 neque
1480 1843 1503 1893 in
1521 1858 1570 1908 quo
1585 1844 1661 1908 inest,

65 1919 246 1997 δαῖμονόμμα.
284 1920 326 1979 Ού
340 1917 392 1999 γάρ
406 1908 460 1978 οῦν.
487 1915 556 1975 Ἀλλ’
571 1912 778 1987 ἡλιοειδέστατόν
789 1935 835 1990 γε,
849 1908 953 1989 bouem
964 1923 1062 1974 oculum
1084 1939 1207 1976 vocamus.
1218 1923 1277 1992 [un]
1298 1929 1350 1978 lion
1371 1933 1443 1979 certe.
1463 1927 1554 1996 [soon]
1573 1931 1618 1982 Sed
1630 1945 1660 1982 ex

65 1999 137 2084 οίμοι,
155 2012 208 2067 τῶν
227 2007 288 2088 περί
304 2005 352 2074 τάς
374 2000 505 2076 αἰσθήσεις
533 2002 658 2083 ὀργάνων.
700 2000 775 2064 Πολύ
793 2023 832 2079 γε.
879 2013 1121 2064 omnibussensnum
1136 2013 1301 2066 instrumentis
1315 2015 1658 2081 simillimum,opinor,solis.

65 2100 152 2156 θύαοῦν
163 2095 210 2156 καί
222 2095 271 2168 τήν
288 2095 410 2171 δύναμιν,
429 2093 462 2166 ἣν
475 2091 546 2173 ἔχει,
559 2093 589 2151 ἐκ
604 2091 695 2152 τούτου
710 2113 833 2169 τομιευο·
879 2098 940 2166 [cn]
952 2104 1031 2164 Longe
1042 2115 1106 2152 sene.
1119 2099 1210 2166 [soce]
1228 2105 1311 2153 Nonne
1329 2107 1353 2153 ei
1374 2105 1525 2168 facultatem,
1536 2119 1609 2169 quam
1620 2107 1660 2157 hs·

65 2184 131 2260 με’νην
143 2182 233 2264 ὥοπερ
243 2184 381 2266 ἐπίρρυτον
393 2181 536 2258 κέκτηται;
552 2179 627 2241 Πάνυ
642 2180 689 2258 μὲν
701 2174 753 2241 σύν.
776 2171 833 2259 Ἆρ’
878 2189 936 2253 bet,
952 2203 983 2238 es
1001 2189 1051 2240 sole
1063 2188 1229 2253 depromptam
1250 2191 1319 2254 quusi
1336 2191 1473 2244 aiilrrentem
1493 2193 1580 2244 habet?
1599 2192 1661 2259 [om]

35 2261 100 2330 ωοδν
114 2273 142 2331 ού
158 2271 203 2331 καί
224 2271 326 2344 silio<
348 2269 406 2351 όθις
428 2268 476 2347 μὲν
499 2271 546 2329 οῦκ
566 2268 646 2343 ἔστιν,
665 2266 746 2334 αίτιος
761 2268 783 2325 δ’
798 2263 834 2324 ὢν
878 2281 988 2329 Prorsus.
1022 2276 1357 2343 [socs.]iionneveroeiiam
1370 2280 1405 2330 sol
1422 2281 1604 2345 visnsnonest‚
1617 2283 1660 2334 sed

64 2362 131 2431 ούτῆς
143 2364 236 2441 θρῦται
247 2363 292 2419 ὑπ’
307 2361 388 2430 αύτῒης
403 2357 515 2437 ταύτης,
532 2355 637 2428 Ούτως,
651 2347 668 2428 ή
681 2357 703 2414 δ’
720 2353 755 2424 ὅς.
766 2357 835 2416 Τοῦ·
879 2367 1017 2430 causalejus
1035 2381 1090 2418 cnm
1108 2367 1152 2429 sit,
1170 2367 1201 2418 ab
1221 2381 1250 2418 eo
1264 2368 1315 2432 ipso
1324 2373 1446 2420 cernitur?
1459 2369 1519 2436 [cm]
1528 2371 1567 2422 sic
1575 2372 1660 2436 plene,

63 2471 99 2506 τον
108 2451 200 2528 τοίνυν,
209 2441 244 2521 ήν
260 2450 283 2506 δ’
298 2449 369 2525 ἐγὼ,
385 2446 466 2528 ροίναι
481 2469 513 2525 με
525 2444 609 2525 λέγειν
622 2444 667 2504 τθν
677 2450 723 2504 τοῦ
736 2446 834 2521 ἀγαθοῦ
879 2455 966 2518 inquit.
985 2454 1074 2521 [soors]
1086 2455 1244 2518 llnncip'tur,
1254 2456 1353 2520 inquom
1362 2493 1369 2519 ,
1379 2457 1457 2508 dicere
1471 2458 1574 2510 melloni
1585 2459 1660 2510 lilium

64 2535 203 2614 ίαγονον,δν
216 2535 333 2616 τάγαθὸν
343 2534 479 2614 ἐγέννησεν
492 2533 619 2612 ἀνάλογον
631 2535 730 2611 ίαυτῷ,
744 2531 834 2615 ὅτιπερ
848 2555 866 2597 c
880 2545 977 2607 putato,
998 2557 1071 2607 quern
1089 2543 1180 2594 bonum
1204 2546 1363 2609 procreaverit
1386 2547 1534 2598 consimilem
1553 2547 1617 2610 sibi,
1634 2552 1662 2599 ut

65 2625 117 2684 ούτθ
127 2629 152 2684 is
160 2628 199 2707 τῷ
211 2627 300 2705 νοητῷ
312 2621 386 2704 τόπῳ
399 2623 464 2703 πρός
481 2645 510 2680 τε
525 2626 584 2681 νοῦν
595 2620 641 2680 καὶ
649 2619 683 2680 τδι
692 2619 834 2698 νοούμενα,
878 2631 1081 2696 quemadmodum
1095 2631 1175 2696 ipsum
1186 2632 1209 2683 tn
1221 2633 1273 2682 ioco
1282 2633 1422 2696 intelligibili
1433 2634 1464 2684 ad
1474 2635 1623 2686 intellectum
1636 2641 1661 2686 et

34 2731 55 2777 rt
63 2719 128 2774 τοῦτο
139 2720 229 2774 τοῦτον
243 2716 271 2773 ἐν
280 2717 318 2794 τῷ
327 2716 415 2794 θρατῷ
423 2711 487 2793 πρός
500 2734 529 2771 τε
539 2709 597 2793 ύψιν
607 2710 653 2770 καὶ
662 2709 697 2769 τθ
706 2709 833 2792 ὁρώμενα.
879 2733 921 2781 es,
930 2733 985 2782 quse
996 2720 1171 2783 intelliguntur,
1182 2735 1207 2771 se
1219 2721 1306 2784 trehet,
1326 2723 1360 2772 sic
1372 2722 1416 2774 iste
1428 2724 1452 2772 in
1471 2722 1523 2774 ioco
1534 2723 1622 2774 risibili
1631 2725 1660 2775 sd

65 2803 130 2874 Πῦςς
152 2800 210 2884 ίφη·
225 2801 267 2861 ἔτι
287 2799 372 2859 δίελθέ
393 2823 446 2878 μοι.
489 2798 652 2877 Ὀρθαλμοὶ,
670 2790 702 2871 ἦν
726 2798 748 2856 δ’
765 2795 834 2877 ἐγὼ,
879 2808 1105 2859 visumseirsheret
1116 2809 1141 2859 et
1150 2809 1296 2873 idemque
1306 2809 1427 2861 ridentur.
1441 2811 1502 2876 [cn]
1514 2815 1569 2870 Quo
1577 2815 1661 2876 pecto?

63 2879 125 2962 οἷσθ’,
137 2889 253 2950 θτιδταν
269 2888 363 2967 μηκίτι
375 2891 416 2949 ἐπ’
432 2887 518 2948 ἐκεῖνό
532 2911 571 2956 τις
583 2884 784 2967 αύτούςτρίπῃ,
799 2878 835 2945 ὧν
880 2895 959 2960 inquit
981 2911 987 2946 ε
1010 2909 1080 2959 perge
1100 2897 1229 2961 explicere·
1246 2896 1336 2963 [soom]
1356 2900 1459 2962 oculos,
1488 2899 1599 2963 inquam,
1612 2903 1661 2951 scis

63 2977 89 3036 θν
101 2977 141 3046 τάς
150 2979 232 3061 χρόας
246 2979 276 3038 τδ
287 2977 408 3058 ἡμερινὸν
420 2981 475 3060 ριῦς
486 2974 663 3058 inimisit
677 2967 836 3056 ύννυκτερι-
880 2985 991 3048 quotiens
1010 2998 1058 3034 non
1074 2986 1177 3049 amplius
1192 2985 1222 3036 ad
1241 2999 1269 3038 es
1290 2989 1427 3051 vertuntur,
1445 3001 1550 3051 quorum
1569 2988 1662 3040 colores

63 3065 189 3148 νθρίγγη,
210 3065 418 3145 ἀμόλυώττουσί
431 3090 460 3124 τε
480 3065 526 3124 καί
546 3061 621 3142 ίγγθς
638 3063 773 3145 φαίνονται
788 3087 836 3122 τυ-
879 3072 1014 3123 dlurnsiox
1027 3071 1133 3135 obtinet,
1149 3073 1192 3125 sed
1203 3073 1233 3124 eri
1246 3074 1301 3136 iila,
1311 3089 1367 3138 qum
1384 3078 1528 3126 nocturnum
1545 3078 1661 3140 fulgorem

34 3179 53 3218 so
63 3157 131 3234 ρλῦνν,
143 3154 234 3237 ὥσπερ
247 3157 295 3214 οῦκ
306 3152 414 3226 ἐνούσης
426 3159 543 3234 καθαρᾶς
552 3151 642 3234 ὄψεως.
685 3151 741 3212 Καί
753 3150 836 3229 μοῦνα,
880 3160 977 3223 hebent,
987 3161 1088 3211 obtusos
1097 3175 1150 3212 esse
1158 3167 1183 3212 et
1192 3176 1265 3226 prope
1275 3176 1351 3214 oecos
1361 3163 1446 3225 videri,
1459 3164 1528 3228 quasi
1536 3178 1598 3228 puro
1606 3167 1661 3216 risu

63 3241 112 3324 ίρη.
150 3243 238 3306 Ὅταν
266 3241 348 3322 δίγ’,
370 3233 460 3319 οἶμαι,
477 3231 513 3300 διν
536 3240 635 3313 θήλεος
654 3239 833 3320 καταλόμπη,
847 3243 1016 3309 diestitntos.
1030 3248 1347 3314 [cn.JSicscci‹lit‚inqnit.
1360 3250 1449 3317 [soom]
1469 3253 1586 3312 Quotiens
1605 3267 1662 3304 vcro

62 3337 137 3414 οαρῦς
151 3335 252 3414 δρῶσι,
266 3331 314 3391 καί
327 3339 380 3398 τοῖς
398 3330 484 3397 αύτοῒς
497 3327 597 3397 τούτοις
609 3327 726 3406 ὄμμασιν
741 3330 834 3388 ἐνοῦσα
878 3337 908 3387 nd
918 3351 961 3399 ca,
973 3351 1029 3402 qum
1041 3338 1078 3388 sol
1089 3339 1205 3401 illustrat,
1216 3339 1341 3404 perspicue
1351 3345 1468 3404 cernunt,
1479 3341 1612 3405 iisdemque
1624 3341 1662 3391 liis

92 3421 174 3482 ίνιται.
218 3419 256 3482 Τί
271 3419 343 3500 μήν;
367 3417 447 3481 Ούτω
458 3416 543 3477 τοίνυν
566 3416 610 3476 καί
632 3415 662 3475 τδ
684 3420 731 3488 τῆς
749 3419 834 3498 ψυχῆς
878 3409 1134 3482 ⁴inocuiisesssrisum
1144 3430 1250 3491 apparet.
1260 3427 1322 3493 [cm]
1334 3429 1378 3478 Est
1390 3429 1430 3479 ita.
1440 3427 1529 3494 [soce]
1539 3431 1578 3480 sic
1589 3429 1662 3492 igitur

61 3443 103 3568 δύο
117 3509 177 3569 νόει·
197 3508 264 3568 ὅταν
287 3506 335 3586 μὲν
349 3499 380 3568 ei
393 3504 563 3583 καταλάμπει
577 3503 685 3577 ἀλήθειά
699 3527 727 3563 τε
741 3503 786 3564 καὶ
805 3505 836 3563 τδ
879 3507 909 3564 rie
920 3515 1000 3564 animo
1013 3528 1110 3578 quoquc
1125 3514 1158 3564 ita
1175 3515 1251 3578 engils
1264 3531 1270 3564 :
1282 3515 1388 3566 intentus
1402 3515 1432 3566 sd
1448 3517 1486 3580 id,
1498 3519 1564 3583 quod
1575 3532 1589 3568 n
1599 3519 1662 3570 veri·

35 3597 92 3671 siv,
103 3601 217 3667 εἰςτοῦτο
226 3597 416 3678 ἀπερείσηται,
431 3591 522 3665 ἀνόησί
533 3616 562 3652 τε
576 3591 620 3652 καὶ
633 3591 698 3669 ἔγνω
713 3592 835 3652 αὐτὸκαὶ
880 3607 927 3652 tate
943 3607 968 3652 et
983 3600 1013 3651 ab
1022 3615 1064 3662 eo,
1082 3602 1147 3666 quod
1165 3607 1219 3664 esi,
1239 3603 1384 3666 illustratur,
1396 3605 1507 3669 intelligit
1521 3613 1593 3671 stqne
1602 3608 1662 3658 iilud

62 3691 110 3746 νοῦν
123 3685 189 3767 ἔχειν
203 3684 339 3768 ραίνεται·
354 3683 416 3743 όταν
431 3681 458 3742 δδ
468 3686 503 3750 εἰς
516 3680 547 3740 τδ
559 3684 598 3762 τῷ
607 3680 692 3762 σκότῳ
702 3679 835 3760 κεκραμί-
878 3690 997 3752 cognoscit
1010 3689 1203 3755 intellectumque
1219 3690 1307 3741 lrshere
1325 3691 1432 3754 videtum
1446 3693 1489 3744 sed
1499 3695 1529 3743 ad
1540 3693 1579 3755 id,
1595 3695 1659 3759 quod

61 3796 104 3846 νον,
113 3776 142 3834 τδ
156 3773 312 3855 γιγνόμενόν
325 3796 355 3832 τε
373 3771 420 3831 καί
433 3768 623 3847 ἀπολλύμενον,
636 3767 736 3838 δοξάζει
748 3791 776 3827 τε
791 3767 836 3827 καί
882 3776 986 3828 tenebris
998 3782 1035 3827 esi
1048 3779 1205 3841 permirtum,
1214 3778 1280 3842 quod
1289 3779 1366 3829 oriim
1375 3784 1447 3843 etque
1457 3781 1552 3843 interit,
1564 3795 1660 3834 conver·

62 3861 216 3938 ipsissimi
231 3861 292 3921 ἀνω
310 3860 358 3920 καί
371 3857 444 3918 κοίτω
466 3856 513 3924 τδις
528 3855 604 3925 δόξας
616 3854 780 3935 μεταόάλλον
792 3854 837 3915 καί
849 3871 866 3913 e
880 3867 1039 3930 sosopinniur
1053 3872 1078 3916 ct
1091 3868 1187 3918 caecutit
1198 3867 1371 3932 opinionesque
1383 3875 1463 3920 versat
1476 3871 1554 3920 varim
1565 3884 1595 3921 se
1607 3886 1659 3921 rur·

62 3947 131 4008 ἔοικεν
145 3942 178 4009 οῦ
192 3955 256 4010 νοῦν
275 3950 324 4009 οὐκ
340 3946 437 4028 ἔχοντι.
479 3943 570 4006 Ἔοικα
587 3944 647 4026 γάρ.
688 3946 772 4004 Τοῦτο
783 3943 836 4003 τοί·
880 3967 922 4004 sns
944 3967 1026 4004 carere
1049 3953 1172 4005 intellectu
1193 3955 1296 4006 videtur.
1330 3955 1388 4022 [on]
1445 3963 1547 4013 violetur
1568 3950 1661 4013 utiqrre.

37 4037 134 4098 omri
145 4037 193 4111 τήν
209 4037 339 4110 ἀλήθειαν
351 4034 468 4115 ταρίχου
491 4042 544 4100 τοῖς
562 4030 778 4112 γιγνωσκομένοις
791 4031 836 4091 καί
880 4040 971 4106 [soom]
981 4041 1044 4092 illuri
1054 4043 1133 4104 igitur,
1144 4043 1210 4107 qrrod
1222 4043 1346 4094 venialem
1355 4045 1415 4106 iliis,
1426 4058 1480 4109 ηοω
1489 4045 1662 4109 intelliguntur,

62 4125 270 4204 τῷγιγνόιααοντι
288 4123 336 4196 τήν
349 4122 459 4200 δύναμιν
473 4119 596 4180 ἀποδιδὸν
611 4118 658 4190 τὴν
677 4125 723 4179 τοῦ
739 4124 836 4199 ἀγαθοῦ
880 4133 904 4179 et
913 4129 1052 4192 intelligenti
1066 4129 1203 4180 iaculietem
1210 4130 1319 4194 prebet,
1335 4131 1392 4182 boni
1413 4131 1491 4183 idcsm
1502 4146 1556 4184 esse
1572 4134 1661 4196 (licito,

63 4213 120 4272 ἰδέαν
129 4215 190 4296 ριίθι
206 4205 294 4286 εἶναι,
314 4211 399 4271 αἰτίαν
413 4210 436 4270 δ’
449 4207 598 4286 ἐπιστήμης
618 4199 697 4268 ούσαν
709 4207 754 4270 καὶ
768 4210 836 4281 ἀλη-
879 4231 975 4268 musam
988 4229 1044 4268 vero
1056 4217 1161 4268 scientim
1172 4221 1197 4267 et
1207 4218 1312 4268 veritatis
1323 4220 1351 4269 nt
1362 4221 1533 4282 cognoscendas
1546 4235 1598 4272 eam
1609 4223 1661 4272 erl-

63 4301 119 4370 [νίας
130 4309 164 4372 ὡς
185 4298 402 4384 γιγνωσκομένης
416 4296 463 4376 μὲν
489 4300 608 4377 διανοοῦ,
623 4295 691 4358 ούτω
706 4296 732 4357 δὲ
748 4298 836 4357 καλῶν
880 4306 996 4366 stimans,
1009 4319 1063 4355 cum
1072 4304 1132 4355 adeo
1144 4304 1244 4368 pulchre
1253 4305 1363 4357 iraecdsm
1375 4307 1435 4369 sint,
1445 4309 1549 4372 cognitio
1559 4323 1588 4360 nc
1598 4311 1660 4361 veri·

64 4389 201 4474 ἀργοτέρων
214 4390 312 4462 ὄντων,
323 4385 442 4468 γνώσεώς
460 4385 547 4446 τεκαὶ
561 4385 697 4462 ἀληθείας,
712 4386 777 4444 ἀλλο
790 4383 836 4444 καί
880 4399 930 4456 tes,
943 4398 1024 4444 tamen
1036 4393 1100 4444 uliud
1110 4393 1189 4458 ipsum
1201 4397 1226 4444 ei
1234 4394 1356 4458 pulchrius
1365 4395 1403 4447 tris
1412 4402 1520 4448 statuens
1533 4400 1598 4450 recte
1607 4403 1659 4450 sta·

38 4479 152 4539 οιιδλιον
167 4479 208 4540 ἔτι
225 4475 329 4538 τούτων
348 4474 489 4554 ἡγούμενος
501 4474 564 4534 αθτδ
578 4475 658 4556 ὀρθῶς
671 4472 774 4551 ἡγήσει·
781 4475 838 4532 ἐπι·
881 4482 969 4544 luerim
994 4482 1117 4532 scientiam
1136 4495 1193 4532 vero
1209 4487 1233 4533 et
1244 4483 1383 4547 veritatem,
1401 4485 1603 4549 quemadmodum
1613 4487 1663 4538 illi«

27 4566 150 4646 ύθθοτήμην
170 4568 198 4627 δὲ
215 4565 266 4627 καί
284 4563 418 4636 ἀλήθειαν,
437 4561 527 4645 ὥσπερ
547 4564 602 4623 ἐκεῖ
614 4565 666 4644 ριῦς
682 4561 767 4620 τεκαὶ
780 4561 837 4642 ὄζον
849 4568 1083 4618 aluccmacrisum
1102 4569 1146 4618 soli
1165 4570 1251 4621 similis
1267 4571 1404 4622 existimare
1420 4573 1500 4633 decet,
1517 4573 1592 4623 solem
1603 4587 1662 4625 sero

63 4657 161 4730 ἡλιοειδῆ
187 4657 238 4736 μὲν
270 4654 383 4731 νομίζειν
407 4652 491 4733 ὀρθὸν,
513 4651 587 4724 ἥλιον
607 4649 634 4709 δὲ
654 4649 772 4728 ἡγεῖσθαι
792 4652 837 4709 οὐκ
880 4657 959 4720 ipsum
969 4657 1241 4720 essenequaqusm‚itn
1252 4661 1277 4709 ct
1289 4659 1328 4708 iric
1342 4658 1398 4710 loni
1414 4659 1516 4709 similem
1534 4664 1661 4726 auumque

63 4743 128 4822 ὀρθῶς
140 4743 209 4826 ipss,
224 4743 299 4804 οῦτοι
314 4739 359 4800 καί
374 4742 484 4799 ἐνταῦθα
499 4739 637 4816 ἀγαθοειδῆ
659 4736 706 4816 μὲν
724 4737 836 4815 νομίζειν
880 4745 1015 4795 existimare
1026 4745 1151 4807 convenit,
1161 4744 1250 4796 bonnm
1260 4759 1318 4797 vcro
1327 4747 1406 4810 ipsum
1422 4746 1561 4799 ulterutram
1573 4763 1657 4802 earum

63 4835 122 4890 ταῦτ’
135 4829 278 4914 ἀμφότερα
300 4827 382 4911 ὀρθὸν,
405 4826 501 4906 ἀγαθὸν
524 4823 690 4904 διηγεῖσθαι
713 4823 835 4906 ὁπότερον
880 4833 983 4883 statuere
1005 4833 1191 4895 nonconrenit‚
1204 4834 1246 4884 sed
1259 4835 1477 4896 sugestiorcetiom
1489 4836 1660 4891 iocohsbendn

38 4919 134 4978 ιουύτῦν
147 4922 194 4981 οὖα
206 4919 298 5002 ὄρθὀν,
312 4919 371 4976 ἀλλ’
386 4915 423 4975 ίτι
444 4913 566 4992 μειζόνως
582 4911 703 4990 τιμητέον
723 4911 769 4985 τήν
789 4919 836 4972 τοῦ
879 4927 916 4972 est
934 4921 991 4971 boni
1004 4923 1097 4971 nntnrs.
1130 4919 1189 4986 [on]
1199 4925 1278 4973 Decus
1287 4935 1368 4972 narras
1377 4923 1556 4988 inestimabile,
1568 4927 1658 4992 inquii,

64 5011 145 5084 ἀγαθοῦ
160 5007 221 5079 stre.
267 5005 418 5084 Ἀμήχανον
434 4999 620 5083 immitit,
634 4998 733 5079 λέγεις,
748 5003 835 5060 elisra-
879 5009 900 5059 si
910 5010 1031 5061 scientiam
1039 5009 1135 5073 quidem
1145 5011 1300 5060 civeritatem
1311 5009 1409 5074 prebet,
1420 5012 1566 5076 ipsumrero
1574 5016 1659 5069 decore

64 5097 150 5172 στήμην
165 5097 213 5176 μὲν
225 5093 409 5164 satellitum
424 5091 550 5173 ταρίχει,
564 5089 625 5148 αύτδ
639 5089 662 5147 δ’
675 5090 738 5171 ύπὲρ
752 5093 836 5148 ταῦτα
881 5099 1055 5164 limosupern13
1068 5113 1145 5163 neque
1157 5097 1256 5150 enimin
1275 5100 1422 5163 voluptatem
1432 5103 1512 5166 ipsum
1523 5119 1576 5156 esse
1587 5107 1656 5158 diois.

63 5184 140 5246 sn'lltr
153 5185 234 5246 ἐστίν·
246 5183 279 5244 οῦ
294 5180 346 5262 γδιρ
356 5179 388 5252 δή
399 5201 449 5239 που
464 5178 536 5258 σύγε
552 5175 648 5251 ἡδονήν
662 5176 725 5236 αύτδ
741 5175 833 5257 λύγοις.
881 5185 970 5252 [soom]
986 5189 1051 5237 Bona
1071 5187 1144 5238 veroa
1160 5197 1257 5252 quisse,
1278 5187 1390 5253 Ιοηοοοις
1412 5189 1455 5242 sed
1468 5191 1500 5242 itu
1509 5194 1588 5256 polim
1607 5194 1657 5257 ejus

64 5275 184 5356 Ρδρήγααι,
201 5266 235 5348 ἦν
249 5274 275 5332 δ’
293 5269 356 5351 ἐγώ·
369 5270 428 5327 ἀλλ’
441 5257 492 5328 ι’ύδε
507 5270 606 5350 μᾶλλον
626 5266 673 5340 την
688 5265 773 5326 εἰκόνα
789 5265 836 5325 οἱ
880 5275 1007 5337 imaginem
1017 5289 1089 5340 porro
1104 5274 1238 5327 comitere.
1250 5273 1309 5348 [cn]
1322 5279 1466 5340 Quomodo?
1476 5279 1566 5348 {soom}
1578 5282 1656 5333 δοΙοιιι
