<?xml version="1.0" encoding="UTF-8"?>
<!DOCTYPE html PUBLIC "-//W3C//DTD XHTML 1.0 Transitional//EN"
    "http://www.w3.org/TR/xhtml1/DTD/xhtml1-transitional.dtd">
<html xmlns="http://www.w3.org/1999/xhtml" xml:lang="en" lang="en">
 <head>
  <title>
</title>
<meta http-equiv="Content-Type" content="text/html;charset=utf-8" />
  <meta name='ocr-system' content='tesseract 3.04.00' />
  <meta name='ocr-capabilities' content='ocr_page ocr_carea ocr_par ocr_line ocrx_word'/>
</head>
<body>
  <div class='ocr_page' id='page_1' title='image "./platonisopera00hunzgoog/platonisopera00hunzgoog_0428.png"; bbox 0 0 3864 5848; ppageno 0'>
   <div class='ocr_carea' id='block_1_1' title="bbox 94 432 1706 512">
    <p class='ocr_par' dir='ltr' id='par_1_1' title="bbox 94 432 1706 512">
     <span class='ocr_line' id='line_1_1' title="bbox 94 432 1706 512; baseline -0.008 -15"><span class='ocrx_word' id='word_1_1' title='bbox 94 437 226 512; x_wconf 58' lang='grc' dir='ltr'>(ατηεν.)</span> <span class='ocrx_word' id='word_1_2' title='bbox 319 473 326 484; x_wconf 85' lang='lat'><em>·</em></span> <span class='ocrx_word' id='word_1_3' title='bbox 739 433 874 494; x_wconf 82' lang='lat' dir='ltr'><strong>LEGES.</strong></span> <span class='ocrx_word' id='word_1_4' title='bbox 897 433 970 503; x_wconf 76' lang='lat' dir='ltr'><strong>Lib.</strong></span> <span class='ocrx_word' id='word_1_5' title='bbox 995 432 1074 491; x_wconf 90' lang='lat' dir='ltr'><strong>Vlll.</strong></span> <span class='ocrx_word' id='word_1_6' title='bbox 1651 445 1706 497; x_wconf 65' lang='lat'>402</span> 
     </span>
    </p>
   </div>
   <div class='ocr_carea' id='block_1_2' title="bbox 45 563 1786 4036">
    <p class='ocr_par' dir='ltr' id='par_1_2' title="bbox 89 563 1714 910">
     <span class='ocr_line' id='line_1_2' title="bbox 89 563 1712 647; baseline 0.001 -23"><span class='ocrx_word' id='word_1_7' title='bbox 89 573 201 627; x_wconf 88' lang='grc' dir='ltr'>νιεῖσθαι</span> <span class='ocrx_word' id='word_1_8' title='bbox 212 563 355 647; x_wconf 76' lang='grc' dir='ltr'><strong>ταχθέντας</strong></span> <span class='ocrx_word' id='word_1_9' title='bbox 366 565 417 626; x_wconf 78' lang='grc' dir='ltr'>ὑπό</span> <span class='ocrx_word' id='word_1_10' title='bbox 425 588 453 624; x_wconf 88' lang='grc' dir='ltr'>τι</span> <span class='ocrx_word' id='word_1_11' title='bbox 462 567 607 625; x_wconf 77' lang='grc' dir='ltr'>ἀθλοθετῶν</span> <span class='ocrx_word' id='word_1_12' title='bbox 619 565 664 625; x_wconf 87' lang='grc' dir='ltr'>καί</span> <span class='ocrx_word' id='word_1_13' title='bbox 676 570 721 624; x_wconf 78' lang='grc' dir='ltr'>τοῖν</span> <span class='ocrx_word' id='word_1_14' title='bbox 736 568 876 624; x_wconf 80' lang='grc' dir='ltr'>παιδευτοῦ</span> <span class='ocrx_word' id='word_1_15' title='bbox 923 573 959 622; x_wconf 85' lang='lat' dir='ltr'>est</span> <span class='ocrx_word' id='word_1_16' title='bbox 970 585 1015 622; x_wconf 85' lang='lat' dir='ltr'><strong>suo</strong></span> <span class='ocrx_word' id='word_1_17' title='bbox 1026 585 1136 635; x_wconf 79' lang='lat' dir='ltr'><strong>ursosque</strong></span> <span class='ocrx_word' id='word_1_18' title='bbox 1150 577 1256 633; x_wconf 87' lang='lat' dir='ltr'><strong>tempore</strong></span> <span class='ocrx_word' id='word_1_19' title='bbox 1271 573 1373 624; x_wconf 87' lang='lat' dir='ltr'><strong>inituros</strong></span> <span class='ocrx_word' id='word_1_20' title='bbox 1382 586 1433 624; x_wconf 87' lang='lat' dir='ltr'><strong>esee</strong></span> <span class='ocrx_word' id='word_1_21' title='bbox 1445 573 1555 624; x_wconf 82' lang='lat' dir='ltr'><strong>ordinata</strong></span> <span class='ocrx_word' id='word_1_22' title='bbox 1568 573 1600 624; x_wconf 88' lang='lat' dir='ltr'><strong>ab</strong></span> <span class='ocrx_word' id='word_1_23' title='bbox 1615 575 1712 626; x_wconf 85' lang='lat' dir='ltr'><strong>arbitris</strong></span> 
     </span>
     <span class='ocr_line' id='line_1_3' title="bbox 89 654 1713 737; baseline -0.001 -22"><span class='ocrx_word' id='word_1_24' title='bbox 89 659 143 715; x_wconf 89' lang='grc' dir='ltr'>τῶν</span> <span class='ocrx_word' id='word_1_25' title='bbox 157 655 221 716; x_wconf 85' lang='grc' dir='ltr'>νέων</span> <span class='ocrx_word' id='word_1_26' title='bbox 234 654 279 714; x_wconf 85' lang='grc' dir='ltr'>καί</span> <span class='ocrx_word' id='word_1_27' title='bbox 290 659 343 714; x_wconf 91' lang='grc' dir='ltr'>τῶν</span> <span class='ocrx_word' id='word_1_28' title='bbox 360 655 551 737; x_wconf 83' lang='grc' dir='ltr'>νομοφυλάκων</span> <span class='ocrx_word' id='word_1_29' title='bbox 567 658 603 722; x_wconf 85' lang='grc' dir='ltr'>είς</span> <span class='ocrx_word' id='word_1_30' title='bbox 616 654 701 715; x_wconf 82' lang='grc' dir='ltr'>κοινόν</span> <span class='ocrx_word' id='word_1_31' title='bbox 718 656 780 736; x_wconf 80' lang='grc' dir='ltr'>περί</span> <span class='ocrx_word' id='word_1_32' title='bbox 792 657 877 715; x_wconf 84' lang='grc' dir='ltr'>αὐτῶν</span> <span class='ocrx_word' id='word_1_33' title='bbox 923 661 1068 712; x_wconf 78' lang='lat' dir='ltr'><strong>certantium</strong></span> <span class='ocrx_word' id='word_1_34' title='bbox 1077 666 1102 712; x_wconf 96' lang='lat' dir='ltr'>et</span> <span class='ocrx_word' id='word_1_35' title='bbox 1115 661 1237 723; x_wconf 85' lang='lat' dir='ltr'><strong>juventuti</strong></span> <span class='ocrx_word' id='word_1_36' title='bbox 1252 663 1390 713; x_wconf 76' lang='lat' dir='ltr'><strong>erudiendae</strong></span> <span class='ocrx_word' id='word_1_37' title='bbox 1399 663 1512 726; x_wconf 75' lang='lat' dir='ltr'><strong>prateolo</strong></span> <span class='ocrx_word' id='word_1_38' title='bbox 1531 663 1659 728; x_wconf 80' lang='lat' dir='ltr'><strong>legumque</strong></span> <span class='ocrx_word' id='word_1_39' title='bbox 1670 678 1713 715; x_wconf 91' lang='lat' dir='ltr'>cu-</span> 
     </span>
     <span class='ocr_line' id='line_1_4' title="bbox 89 743 1712 822; baseline 0.001 -19"><span class='ocrx_word' id='word_1_40' title='bbox 89 744 190 805; x_wconf 84' lang='grc' dir='ltr'>τοότων</span> <span class='ocrx_word' id='word_1_41' title='bbox 204 743 380 804; x_wconf 81' lang='grc' dir='ltr'>συνελθόντων</span> <span class='ocrx_word' id='word_1_42' title='bbox 393 747 440 804; x_wconf 86' lang='grc' dir='ltr'>καὶ</span> <span class='ocrx_word' id='word_1_43' title='bbox 464 744 610 822; x_wconf 78' lang='grc' dir='ltr'>γενομένων</span> <span class='ocrx_word' id='word_1_44' title='bbox 630 747 775 821; x_wconf 82' lang='grc' dir='ltr'>νομοθετῶν</span> <span class='ocrx_word' id='word_1_45' title='bbox 793 746 878 803; x_wconf 89' lang='grc' dir='ltr'>αιἰτῶν</span> <span class='ocrx_word' id='word_1_46' title='bbox 923 750 1093 812; x_wconf 84' lang='lat' dir='ltr'><strong>stodibus‚qui</strong></span> <span class='ocrx_word' id='word_1_47' title='bbox 1102 750 1139 798; x_wconf 86' lang='lat' dir='ltr'><strong>iris</strong></span> <span class='ocrx_word' id='word_1_48' title='bbox 1148 750 1204 813; x_wconf 83' lang='lat' dir='ltr'><strong>ipsis</strong></span> <span class='ocrx_word' id='word_1_49' title='bbox 1213 750 1242 800; x_wconf 89' lang='lat' dir='ltr'>de</span> <span class='ocrx_word' id='word_1_50' title='bbox 1256 750 1326 800; x_wconf 86' lang='lat' dir='ltr'><strong>rebus</strong></span> <span class='ocrx_word' id='word_1_51' title='bbox 1339 765 1388 801; x_wconf 86' lang='lat' dir='ltr'><strong>una</strong></span> <span class='ocrx_word' id='word_1_52' title='bbox 1401 752 1503 802; x_wconf 75' lang='lat' dir='ltr'>coierint</span> <span class='ocrx_word' id='word_1_53' title='bbox 1514 752 1606 816; x_wconf 80' lang='lat' dir='ltr'><strong>ipsique</strong></span> <span class='ocrx_word' id='word_1_54' title='bbox 1616 754 1712 816; x_wconf 86' lang='lat' dir='ltr'><strong>legista·</strong></span> 
     </span>
     <span class='ocr_line' id='line_1_5' title="bbox 90 832 1714 910; baseline -0.001 -17"><span class='ocrx_word' id='word_1_55' title='bbox 90 840 138 893; x_wconf 80' lang='grc' dir='ltr'>τοῦ</span> <span class='ocrx_word' id='word_1_56' title='bbox 161 857 189 892; x_wconf 89' lang='grc' dir='ltr'>τε</span> <span class='ocrx_word' id='word_1_57' title='bbox 210 834 275 894; x_wconf 84' lang='grc' dir='ltr'>πότε</span> <span class='ocrx_word' id='word_1_58' title='bbox 288 833 335 891; x_wconf 88' lang='grc' dir='ltr'>καί</span> <span class='ocrx_word' id='word_1_59' title='bbox 357 833 425 900; x_wconf 90' lang='grc' dir='ltr'>τίνες</span> <span class='ocrx_word' id='word_1_60' title='bbox 439 834 485 892; x_wconf 82' lang='grc' dir='ltr'>καί</span> <span class='ocrx_word' id='word_1_61' title='bbox 507 832 575 910; x_wconf 76' lang='grc' dir='ltr'>μετὰ</span> <span class='ocrx_word' id='word_1_62' title='bbox 596 832 672 893; x_wconf 91' lang='grc' dir='ltr'>τίνων</span> <span class='ocrx_word' id='word_1_63' title='bbox 693 832 752 900; x_wconf 82' lang='grc' dir='ltr'>τοὺς</span> <span class='ocrx_word' id='word_1_64' title='bbox 775 835 879 910; x_wconf 85' lang='grc' dir='ltr'>ἀγῶνας</span> <span class='ocrx_word' id='word_1_65' title='bbox 925 843 988 889; x_wconf 87' lang='lat' dir='ltr'><strong>tores</strong></span> <span class='ocrx_word' id='word_1_66' title='bbox 1000 839 1155 889; x_wconf 86' lang='lat' dir='ltr'><strong>lactiluerint</strong></span> <span class='ocrx_word' id='word_1_67' title='bbox 1168 838 1602 904; x_wconf 84' lang='lat' dir='ltr'><strong>daclrorisomnlbusdequeelrorea,</strong></span> <span class='ocrx_word' id='word_1_68' title='bbox 1615 842 1714 906; x_wconf 85' lang='lat' dir='ltr'><strong>quando</strong></span> 
     </span>
    </p>

    <p class='ocr_par' dir='ltr' id='par_1_3' title="bbox 45 912 1786 4036">
     <span class='ocr_line' id='line_1_6' title="bbox 62 912 1714 1004; baseline 0.002 -26"><span class='ocrx_word' id='word_1_69' title='bbox 62 940 77 978; x_wconf 86' lang='lat' dir='ltr'><strong>s</strong></span> <span class='ocrx_word' id='word_1_70' title='bbox 91 923 247 995; x_wconf 83' lang='grc' dir='ltr'>ποιήσονται</span> <span class='ocrx_word' id='word_1_71' title='bbox 267 922 328 1003; x_wconf 81' lang='grc' dir='ltr'>περί</span> <span class='ocrx_word' id='word_1_72' title='bbox 343 921 466 980; x_wconf 78' lang='grc' dir='ltr'>ἁπάντων</span> <span class='ocrx_word' id='word_1_73' title='bbox 489 925 576 1002; x_wconf 86' lang='grc' dir='ltr'>χορῶν</span> <span class='ocrx_word' id='word_1_74' title='bbox 590 922 635 981; x_wconf 87' lang='grc' dir='ltr'>καί</span> <span class='ocrx_word' id='word_1_75' title='bbox 660 921 773 1004; x_wconf 85' lang='grc' dir='ltr'>χορείας.</span> <span class='ocrx_word' id='word_1_76' title='bbox 793 912 836 980; x_wconf 77' lang='grc' dir='ltr'>οἶα</span> <span class='ocrx_word' id='word_1_77' title='bbox 851 919 879 981; x_wconf 83' lang='grc' dir='ltr'>δέ</span> <span class='ocrx_word' id='word_1_78' title='bbox 925 927 1002 990; x_wconf 89' lang='lat' dir='ltr'><strong>etqui</strong></span> <span class='ocrx_word' id='word_1_79' title='bbox 1013 930 1038 978; x_wconf 91' lang='lat' dir='ltr'>et</span> <span class='ocrx_word' id='word_1_80' title='bbox 1047 941 1104 977; x_wconf 88' lang='lat' dir='ltr'><strong>cunr</strong></span> <span class='ocrx_word' id='word_1_81' title='bbox 1116 928 1205 991; x_wconf 85' lang='lat' dir='ltr'><strong>quibus</strong></span> <span class='ocrx_word' id='word_1_82' title='bbox 1218 930 1267 979; x_wconf 90' lang='lat' dir='ltr'><strong>sint</strong></span> <span class='ocrx_word' id='word_1_83' title='bbox 1279 929 1403 980; x_wconf 88' lang='lat' dir='ltr'><strong>certaturi.</strong></span> <span class='ocrx_word' id='word_1_84' title='bbox 1415 929 1621 992; x_wconf 68' lang='lat' dir='ltr'><strong>quemadmodum</strong></span> <span class='ocrx_word' id='word_1_85' title='bbox 1630 934 1714 982; x_wconf 90' lang='lat' dir='ltr'><strong>aulem</strong></span> 
     </span>
     <span class='ocr_line' id='line_1_7' title="bbox 91 1002 1714 1091; baseline -0.001 -19"><span class='ocrx_word' id='word_1_86' title='bbox 91 1011 193 1073; x_wconf 79' lang='grc' dir='ltr'>άιιαστα</span> <span class='ocrx_word' id='word_1_87' title='bbox 206 1015 291 1071; x_wconf 80' lang='grc' dir='ltr'>αὐτῶν</span> <span class='ocrx_word' id='word_1_88' title='bbox 306 1002 373 1070; x_wconf 76' lang='grc' dir='ltr'>εἶναι</span> <span class='ocrx_word' id='word_1_89' title='bbox 387 1011 427 1070; x_wconf 83' lang='grc' dir='ltr'>δεῖ</span> <span class='ocrx_word' id='word_1_90' title='bbox 442 1010 513 1070; x_wconf 87' lang='grc' dir='ltr'>κατθ</span> <span class='ocrx_word' id='word_1_91' title='bbox 530 1009 608 1090; x_wconf 90' lang='grc' dir='ltr'>λόγον</span> <span class='ocrx_word' id='word_1_92' title='bbox 622 1011 669 1070; x_wconf 80' lang='grc' dir='ltr'>καί</span> <span class='ocrx_word' id='word_1_93' title='bbox 681 1010 739 1071; x_wconf 87' lang='grc' dir='ltr'>κατ’</span> <span class='ocrx_word' id='word_1_94' title='bbox 752 1011 821 1091; x_wconf 81' lang='grc' dir='ltr'>ᾠδάς</span> <span class='ocrx_word' id='word_1_95' title='bbox 834 1009 878 1069; x_wconf 85' lang='grc' dir='ltr'>καί</span> <span class='ocrx_word' id='word_1_96' title='bbox 925 1016 979 1066; x_wconf 86' lang='lat' dir='ltr'><strong>brec</strong></span> <span class='ocrx_word' id='word_1_97' title='bbox 987 1017 1225 1080; x_wconf 86' lang='lat' dir='ltr'><strong>singuiacompsreta</strong></span> <span class='ocrx_word' id='word_1_98' title='bbox 1240 1031 1291 1068; x_wconf 89' lang='lat' dir='ltr'><strong>esse</strong></span> <span class='ocrx_word' id='word_1_99' title='bbox 1300 1017 1405 1069; x_wconf 89' lang='lat' dir='ltr'><strong>debeant</strong></span> <span class='ocrx_word' id='word_1_100' title='bbox 1414 1018 1493 1069; x_wconf 82' lang='lat' dir='ltr'><strong>verbis</strong></span> <span class='ocrx_word' id='word_1_101' title='bbox 1504 1021 1528 1068; x_wconf 91' lang='lat' dir='ltr'>et</span> <span class='ocrx_word' id='word_1_102' title='bbox 1537 1019 1648 1070; x_wconf 89' lang='lat' dir='ltr'><strong>cantibus</strong></span> <span class='ocrx_word' id='word_1_103' title='bbox 1657 1020 1714 1070; x_wconf 89' lang='lat' dir='ltr'><strong>bar·</strong></span> 
     </span>
     <span class='ocr_line' id='line_1_8' title="bbox 90 1097 1714 1182; baseline -0.001 -22"><span class='ocrx_word' id='word_1_104' title='bbox 90 1100 152 1160; x_wconf 87' lang='grc' dir='ltr'>καθ’</span> <span class='ocrx_word' id='word_1_105' title='bbox 169 1098 296 1182; x_wconf 73' lang='grc' dir='ltr'>ἁρμονίας</span> <span class='ocrx_word' id='word_1_106' title='bbox 311 1100 416 1182; x_wconf 73' lang='grc' dir='ltr'>ῥυθμοῖς</span> <span class='ocrx_word' id='word_1_107' title='bbox 428 1097 570 1180; x_wconf 72' lang='grc' dir='ltr'>κραθείσας</span> <span class='ocrx_word' id='word_1_108' title='bbox 584 1099 629 1158; x_wconf 87' lang='grc' dir='ltr'>καί</span> <span class='ocrx_word' id='word_1_109' title='bbox 650 1099 792 1179; x_wconf 76' lang='grc' dir='ltr'>ὀρχήσεσι,</span> <span class='ocrx_word' id='word_1_110' title='bbox 808 1101 877 1158; x_wconf 89' lang='grc' dir='ltr'>πολ·</span> <span class='ocrx_word' id='word_1_111' title='bbox 893 1102 1063 1168; x_wconf 89' lang='lat' dir='ltr'><strong>bmouiisque</strong></span> <span class='ocrx_word' id='word_1_112' title='bbox 1074 1105 1181 1156; x_wconf 84' lang='lat' dir='ltr'><strong>numeris</strong></span> <span class='ocrx_word' id='word_1_113' title='bbox 1194 1110 1219 1157; x_wconf 90' lang='lat' dir='ltr'>et</span> <span class='ocrx_word' id='word_1_114' title='bbox 1230 1107 1400 1157; x_wconf 74' lang='lat' dir='ltr'><strong>saltationibus</strong></span> <span class='ocrx_word' id='word_1_115' title='bbox 1409 1106 1610 1171; x_wconf 79' lang='lat' dir='ltr'><strong>admixtis,srepe</strong></span> <span class='ocrx_word' id='word_1_116' title='bbox 1621 1107 1714 1159; x_wconf 87' lang='lat' dir='ltr'><strong>dictum</strong></span> 
     </span>
     <span class='ocr_line' id='line_1_9' title="bbox 92 1186 1715 1270; baseline -0.002 -20"><span class='ocrx_word' id='word_1_117' title='bbox 92 1189 169 1258; x_wconf 89' lang='grc' dir='ltr'>λάκις</span> <span class='ocrx_word' id='word_1_118' title='bbox 184 1188 286 1270; x_wconf 86' lang='grc' dir='ltr'>ιίρηται</span> <span class='ocrx_word' id='word_1_119' title='bbox 300 1192 339 1268; x_wconf 80' lang='grc' dir='ltr'>τῷ</span> <span class='ocrx_word' id='word_1_120' title='bbox 352 1187 450 1270; x_wconf 74' lang='grc' dir='ltr'>πρώτῳ</span> <span class='ocrx_word' id='word_1_121' title='bbox 462 1187 603 1268; x_wconf 70' lang='grc' dir='ltr'>νομοθέτῃ,</span> <span class='ocrx_word' id='word_1_122' title='bbox 616 1186 702 1246; x_wconf 76' lang='grc' dir='ltr'>καθά</span> <span class='ocrx_word' id='word_1_123' title='bbox 717 1186 775 1255; x_wconf 84' lang='grc' dir='ltr'>τοθς</span> <span class='ocrx_word' id='word_1_124' title='bbox 789 1187 876 1245; x_wconf 86' lang='grc' dir='ltr'>δευτέ-</span> <span class='ocrx_word' id='word_1_125' title='bbox 926 1195 962 1244; x_wconf 89' lang='lat' dir='ltr'>est</span> <span class='ocrx_word' id='word_1_126' title='bbox 974 1207 987 1242; x_wconf 87' lang='lat' dir='ltr'>e</span> <span class='ocrx_word' id='word_1_127' title='bbox 998 1193 1075 1256; x_wconf 88' lang='lat' dir='ltr'><strong>primo</strong></span> <span class='ocrx_word' id='word_1_128' title='bbox 1084 1194 1232 1257; x_wconf 72' lang='lat' dir='ltr'>legislatore,</span> <span class='ocrx_word' id='word_1_129' title='bbox 1242 1209 1348 1259; x_wconf 81' lang='lat' dir='ltr'><strong>quorum</strong></span> <span class='ocrx_word' id='word_1_130' title='bbox 1360 1196 1459 1260; x_wconf 78' lang='lat' dir='ltr'><strong>vestigia</strong></span> <span class='ocrx_word' id='word_1_131' title='bbox 1471 1199 1606 1259; x_wconf 88' lang='lat' dir='ltr'><strong>prementes</strong></span> <span class='ocrx_word' id='word_1_132' title='bbox 1614 1197 1715 1248; x_wconf 86' lang='lat' dir='ltr'><strong>secundi</strong></span> 
     </span>
     <span class='ocr_line' id='line_1_10' title="bbox 95 1265 1715 1357; baseline 0 -21"><span class='ocrx_word' id='word_1_133' title='bbox 95 1299 154 1357; x_wconf 91' lang='grc' dir='ltr'>ρους</span> <span class='ocrx_word' id='word_1_134' title='bbox 171 1279 211 1336; x_wconf 83' lang='grc' dir='ltr'>δεῖ</span> <span class='ocrx_word' id='word_1_135' title='bbox 230 1273 440 1356; x_wconf 82' lang='grc' dir='ltr'>μεταδιώκοντας</span> <span class='ocrx_word' id='word_1_136' title='bbox 458 1281 605 1355; x_wconf 85' lang='grc' dir='ltr'>νομοθετεῖν</span> <span class='ocrx_word' id='word_1_137' title='bbox 626 1276 671 1334; x_wconf 90' lang='grc' dir='ltr'>καί</span> <span class='ocrx_word' id='word_1_138' title='bbox 696 1274 755 1348; x_wconf 77' lang='grc' dir='ltr'>τοὺς</span> <span class='ocrx_word' id='word_1_139' title='bbox 778 1278 880 1352; x_wconf 85' lang='grc' dir='ltr'>ἀγῶνας</span> <span class='ocrx_word' id='word_1_140' title='bbox 926 1295 981 1332; x_wconf 88' lang='lat' dir='ltr'><strong>suas</strong></span> <span class='ocrx_word' id='word_1_141' title='bbox 992 1283 1055 1345; x_wconf 88' lang='lat' dir='ltr'><strong>leges</strong></span> <span class='ocrx_word' id='word_1_142' title='bbox 1070 1285 1133 1334; x_wconf 88' lang='lat' dir='ltr'><strong>terre</strong></span> <span class='ocrx_word' id='word_1_143' title='bbox 1145 1287 1169 1334; x_wconf 93' lang='lat' dir='ltr'>et</span> <span class='ocrx_word' id='word_1_144' title='bbox 1181 1283 1314 1335; x_wconf 87' lang='lat' dir='ltr'><strong>certamina</strong></span> <span class='ocrx_word' id='word_1_145' title='bbox 1328 1286 1426 1348; x_wconf 88' lang='lat' dir='ltr'><strong>singulis</strong></span> <span class='ocrx_word' id='word_1_146' title='bbox 1440 1265 1715 1337; x_wconf 78' lang='lat' dir='ltr'><strong>sacrificiisoonrenien·</strong></span> 
     </span>
     <span class='ocr_line' id='line_1_11' title="bbox 53 1363 1715 1447; baseline 0.001 -23"><span class='ocrx_word' id='word_1_147' title='bbox 53 1381 82 1421; x_wconf 81' lang='lat' dir='ltr'>to</span> <span class='ocrx_word' id='word_1_148' title='bbox 95 1365 247 1447; x_wconf 78' lang='grc' dir='ltr'>πρεπόντως</span> <span class='ocrx_word' id='word_1_149' title='bbox 269 1365 389 1433; x_wconf 72' lang='grc' dir='ltr'>ἑκάστοις</span> <span class='ocrx_word' id='word_1_150' title='bbox 411 1365 524 1443; x_wconf 85' lang='grc' dir='ltr'>θύμασιν</span> <span class='ocrx_word' id='word_1_151' title='bbox 549 1369 576 1424; x_wconf 88' lang='grc' dir='ltr'>ἐν</span> <span class='ocrx_word' id='word_1_152' title='bbox 594 1363 699 1446; x_wconf 83' lang='grc' dir='ltr'>χρόνοις</span> <span class='ocrx_word' id='word_1_153' title='bbox 718 1364 881 1445; x_wconf 80' lang='grc' dir='ltr'>προσήκουσι</span> <span class='ocrx_word' id='word_1_154' title='bbox 925 1374 964 1421; x_wconf 86' lang='lat' dir='ltr'>ter</span> <span class='ocrx_word' id='word_1_155' title='bbox 977 1372 1126 1436; x_wconf 78' lang='lat' dir='ltr'><strong>temporibus</strong></span> <span class='ocrx_word' id='word_1_156' title='bbox 1140 1373 1230 1437; x_wconf 85' lang='lat' dir='ltr'><strong>quibus</strong></span> <span class='ocrx_word' id='word_1_157' title='bbox 1247 1374 1317 1424; x_wconf 72' lang='grc' dir='ltr'>δόσει</span> <span class='ocrx_word' id='word_1_158' title='bbox 1328 1374 1489 1427; x_wconf 80' lang='lat' dir='ltr'><strong>attribuentes</strong></span> <span class='ocrx_word' id='word_1_159' title='bbox 1505 1375 1555 1427; x_wconf 87' lang='lat' dir='ltr'><strong>dies</strong></span> <span class='ocrx_word' id='word_1_160' title='bbox 1570 1377 1642 1425; x_wconf 77' lang='lat' dir='ltr'><strong>lectos</strong></span> <span class='ocrx_word' id='word_1_161' title='bbox 1651 1375 1715 1426; x_wconf 92' lang='lat' dir='ltr'><strong>cele·</strong></span> 
     </span>
     <span class='ocr_line' id='line_1_12' title="bbox 93 1453 1716 1537; baseline 0 -24"><span class='ocrx_word' id='word_1_162' title='bbox 93 1454 235 1534; x_wconf 71' lang='grc' dir='ltr'>νείμαντας</span> <span class='ocrx_word' id='word_1_163' title='bbox 247 1454 338 1537; x_wconf 80' lang='grc' dir='ltr'>ίορτθς</span> <span class='ocrx_word' id='word_1_164' title='bbox 352 1455 495 1514; x_wconf 77' lang='grc' dir='ltr'>ἀποδοῦναι</span> <span class='ocrx_word' id='word_1_165' title='bbox 507 1458 540 1534; x_wconf 76' lang='grc' dir='ltr'>τῇ</span> <span class='ocrx_word' id='word_1_166' title='bbox 552 1453 628 1514; x_wconf 88' lang='grc' dir='ltr'>πόλει</span> <span class='ocrx_word' id='word_1_167' title='bbox 642 1453 782 1536; x_wconf 78' lang='grc' dir='ltr'>ἑορτάζειν.</span> <span class='ocrx_word' id='word_1_168' title='bbox 796 1458 880 1511; x_wconf 80' lang='grc' dir='ltr'>ταῦτα</span> <span class='ocrx_word' id='word_1_169' title='bbox 926 1461 1032 1512; x_wconf 90' lang='lat' dir='ltr'><strong>brandos</strong></span> <span class='ocrx_word' id='word_1_170' title='bbox 1049 1462 1145 1512; x_wconf 85' lang='lat' dir='ltr'><strong>tradere</strong></span> <span class='ocrx_word' id='word_1_171' title='bbox 1159 1462 1250 1512; x_wconf 86' lang='lat' dir='ltr'><strong>civitati</strong></span> <span class='ocrx_word' id='word_1_172' title='bbox 1264 1463 1361 1514; x_wconf 88' lang='lat' dir='ltr'><strong>debent.</strong></span> <span class='ocrx_word' id='word_1_173' title='bbox 1378 1464 1431 1514; x_wconf 72' lang='lat' dir='ltr'><strong>liare</strong></span> <span class='ocrx_word' id='word_1_174' title='bbox 1442 1466 1515 1528; x_wconf 88' lang='lat' dir='ltr'><strong>igitur</strong></span> <span class='ocrx_word' id='word_1_175' title='bbox 1527 1468 1553 1516; x_wconf 90' lang='lat' dir='ltr'>ei</span> <span class='ocrx_word' id='word_1_176' title='bbox 1572 1465 1619 1516; x_wconf 88' lang='lat' dir='ltr'><strong>alia</strong></span> <span class='ocrx_word' id='word_1_177' title='bbox 1633 1463 1716 1528; x_wconf 87' lang='lat' dir='ltr'><strong>bajus·</strong></span> 
     </span>
     <span class='ocr_line' id='line_1_13' title="bbox 95 1535 1786 1624; baseline 0.001 -22"><span class='ocrx_word' id='word_1_178' title='bbox 95 1543 144 1622; x_wconf 81' lang='grc' dir='ltr'>μέν</span> <span class='ocrx_word' id='word_1_179' title='bbox 168 1535 212 1605; x_wconf 68' lang='lat' dir='ltr'><strong>oda</strong></span> <span class='ocrx_word' id='word_1_180' title='bbox 233 1544 279 1603; x_wconf 85' lang='grc' dir='ltr'>καί</span> <span class='ocrx_word' id='word_1_181' title='bbox 293 1543 363 1602; x_wconf 78' lang='grc' dir='ltr'>ἄλλα</span> <span class='ocrx_word' id='word_1_182' title='bbox 375 1549 484 1603; x_wconf 82' lang='grc' dir='ltr'>τοιαῦτα</span> <span class='ocrx_word' id='word_1_183' title='bbox 496 1542 556 1603; x_wconf 84' lang='grc' dir='ltr'>οὔτε</span> <span class='ocrx_word' id='word_1_184' title='bbox 574 1545 691 1624; x_wconf 85' lang='grc' dir='ltr'>χαλεπόν</span> <span class='ocrx_word' id='word_1_185' title='bbox 714 1546 812 1622; x_wconf 89' lang='grc' dir='ltr'>γνῶναι</span> <span class='ocrx_word' id='word_1_186' title='bbox 823 1540 881 1600; x_wconf 90' lang='grc' dir='ltr'>τίνα</span> <span class='ocrx_word' id='word_1_187' title='bbox 927 1550 993 1600; x_wconf 92' lang='lat' dir='ltr'><strong>modi</strong></span> <span class='ocrx_word' id='word_1_188' title='bbox 1009 1549 1194 1614; x_wconf 81' lang='lat' dir='ltr'><strong>nequedillicile</strong></span> <span class='ocrx_word' id='word_1_189' title='bbox 1207 1554 1244 1602; x_wconf 88' lang='lat' dir='ltr'>est</span> <span class='ocrx_word' id='word_1_190' title='bbox 1259 1553 1447 1617; x_wconf 87' lang='lat' dir='ltr'><strong>intelligerequa</strong></span> <span class='ocrx_word' id='word_1_191' title='bbox 1457 1554 1716 1618; x_wconf 86' lang='lat' dir='ltr'><strong>rationesintlegitlme</strong></span> <span class='ocrx_word' id='word_1_192' title='bbox 1783 1545 1786 1554; x_wconf 77' lang='grc'>’</span> 
     </span>
     <span class='ocr_line' id='line_1_14' title="bbox 94 1621 1715 1715; baseline -0.001 -22"><span class='ocrx_word' id='word_1_193' title='bbox 94 1633 191 1715; x_wconf 89' lang='grc' dir='ltr'>τρόπον</span> <span class='ocrx_word' id='word_1_194' title='bbox 204 1633 257 1714; x_wconf 72' lang='grc' dir='ltr'>χρὴ</span> <span class='ocrx_word' id='word_1_195' title='bbox 276 1631 373 1702; x_wconf 75' lang='grc' dir='ltr'>τάξεως</span> <span class='ocrx_word' id='word_1_196' title='bbox 387 1633 495 1710; x_wconf 80' lang='grc' dir='ltr'>ἐννόμου</span> <span class='ocrx_word' id='word_1_197' title='bbox 509 1634 664 1712; x_wconf 76' lang='grc' dir='ltr'>λαγχάνειν,</span> <span class='ocrx_word' id='word_1_198' title='bbox 676 1633 731 1691; x_wconf 80' lang='grc' dir='ltr'>οὐδ’</span> <span class='ocrx_word' id='word_1_199' title='bbox 752 1621 786 1689; x_wconf 74' lang='grc' dir='ltr'>αδ</span> <span class='ocrx_word' id='word_1_200' title='bbox 801 1653 882 1708; x_wconf 86' lang='grc' dir='ltr'>μετα·</span> <span class='ocrx_word' id='word_1_201' title='bbox 927 1638 1074 1698; x_wconf 84' lang='lat' dir='ltr'><strong>ordinanda,</strong></span> <span class='ocrx_word' id='word_1_202' title='bbox 1086 1653 1166 1702; x_wconf 84' lang='lat' dir='ltr'><strong>neqrre</strong></span> <span class='ocrx_word' id='word_1_203' title='bbox 1178 1653 1236 1690; x_wconf 83' lang='lat' dir='ltr'><strong>sero</strong></span> <span class='ocrx_word' id='word_1_204' title='bbox 1250 1641 1367 1690; x_wconf 87' lang='lat' dir='ltr'><strong>bucilluc</strong></span> <span class='ocrx_word' id='word_1_205' title='bbox 1376 1643 1493 1694; x_wconf 85' lang='lat' dir='ltr'><strong>translata</strong></span> <span class='ocrx_word' id='word_1_206' title='bbox 1500 1658 1614 1708; x_wconf 61' lang='lat' dir='ltr'><strong>sumnum</strong></span> <span class='ocrx_word' id='word_1_207' title='bbox 1623 1644 1715 1694; x_wconf 83' lang='lat' dir='ltr'><strong>civitati</strong></span> 
     </span>
     <span class='ocr_line' id='line_1_15' title="bbox 93 1718 1715 1802; baseline -0.002 -20"><span class='ocrx_word' id='word_1_208' title='bbox 93 1723 216 1801; x_wconf 87' lang='grc' dir='ltr'>τιθέμενα</span> <span class='ocrx_word' id='word_1_209' title='bbox 229 1722 290 1782; x_wconf 82' lang='grc' dir='ltr'>ίνθα</span> <span class='ocrx_word' id='word_1_210' title='bbox 304 1720 322 1794; x_wconf 74' lang='grc' dir='ltr'>ἢ</span> <span class='ocrx_word' id='word_1_211' title='bbox 341 1719 406 1780; x_wconf 76' lang='grc' dir='ltr'>ίνθαι</span> <span class='ocrx_word' id='word_1_212' title='bbox 414 1723 483 1800; x_wconf 85' lang='grc' dir='ltr'>μέγα</span> <span class='ocrx_word' id='word_1_213' title='bbox 497 1727 530 1801; x_wconf 81' lang='grc' dir='ltr'>τῇ</span> <span class='ocrx_word' id='word_1_214' title='bbox 544 1723 621 1781; x_wconf 87' lang='grc' dir='ltr'>πόλει</span> <span class='ocrx_word' id='word_1_215' title='bbox 634 1719 724 1802; x_wconf 85' lang='grc' dir='ltr'>κέρδος</span> <span class='ocrx_word' id='word_1_216' title='bbox 744 1719 761 1792; x_wconf 80' lang='grc' dir='ltr'><strong>ἢ</strong></span> <span class='ocrx_word' id='word_1_217' title='bbox 785 1718 882 1796; x_wconf 77' lang='grc' dir='ltr'>ζημίαν</span> <span class='ocrx_word' id='word_1_218' title='bbox 928 1728 1171 1779; x_wconf 89' lang='lat' dir='ltr'><strong>emolumenturnaut</strong></span> <span class='ocrx_word' id='word_1_219' title='bbox 1180 1728 1351 1780; x_wconf 89' lang='lat' dir='ltr'><strong>detrimentum</strong></span> <span class='ocrx_word' id='word_1_220' title='bbox 1363 1729 1715 1794; x_wconf 77' lang='lat' dir='ltr'><strong>ailerant3eedqunenonparrl</strong></span> 
     </span>
     <span class='ocr_line' id='line_1_16' title="bbox 53 1808 1717 1893; baseline 0.001 -26"><span class='ocrx_word' id='word_1_221' title='bbox 53 1829 82 1867; x_wconf 82' lang='lat' dir='ltr'>rs</span> <span class='ocrx_word' id='word_1_222' title='bbox 96 1809 129 1871; x_wconf 79' lang='grc' dir='ltr'>δν</span> <span class='ocrx_word' id='word_1_223' title='bbox 140 1811 226 1893; x_wconf 82' lang='grc' dir='ltr'>φέροι·</span> <span class='ocrx_word' id='word_1_224' title='bbox 237 1810 254 1870; x_wconf 85' lang='grc' dir='ltr'>θ</span> <span class='ocrx_word' id='word_1_225' title='bbox 265 1810 293 1870; x_wconf 89' lang='grc' dir='ltr'>δέ</span> <span class='ocrx_word' id='word_1_226' title='bbox 306 1809 343 1889; x_wconf 76' lang='grc' dir='ltr'>μὴ</span> <span class='ocrx_word' id='word_1_227' title='bbox 356 1810 466 1892; x_wconf 81' lang='grc' dir='ltr'>σμικρόν</span> <span class='ocrx_word' id='word_1_228' title='bbox 476 1810 594 1893; x_wconf 86' lang='grc' dir='ltr'>διαφέρει</span> <span class='ocrx_word' id='word_1_229' title='bbox 605 1811 702 1870; x_wconf 84' lang='grc' dir='ltr'>πείθειν</span> <span class='ocrx_word' id='word_1_230' title='bbox 715 1831 744 1868; x_wconf 93' lang='grc' dir='ltr'>τι</span> <span class='ocrx_word' id='word_1_231' title='bbox 755 1808 883 1890; x_wconf 85' lang='grc' dir='ltr'>χαλεπὸν,</span> <span class='ocrx_word' id='word_1_232' title='bbox 897 1838 916 1880; x_wconf 78' lang='lat'><strong>0</strong></span> <span class='ocrx_word' id='word_1_233' title='bbox 929 1817 1046 1868; x_wconf 83' lang='lat' dir='ltr'><strong>momenti</strong></span> <span class='ocrx_word' id='word_1_234' title='bbox 1063 1821 1120 1868; x_wconf 86' lang='lat' dir='ltr'><strong>sunt</strong></span> <span class='ocrx_word' id='word_1_235' title='bbox 1140 1818 1165 1868; x_wconf 91' lang='lat' dir='ltr'>et</span> <span class='ocrx_word' id='word_1_236' title='bbox 1180 1817 1211 1867; x_wconf 87' lang='lat' dir='ltr'>nd</span> <span class='ocrx_word' id='word_1_237' title='bbox 1224 1818 1415 1880; x_wconf 84' lang='lat' dir='ltr'><strong>persuadendum</strong></span> <span class='ocrx_word' id='word_1_238' title='bbox 1436 1819 1556 1880; x_wconf 74' lang='lat' dir='ltr'><strong>diflicilia,</strong></span> <span class='ocrx_word' id='word_1_239' title='bbox 1571 1833 1599 1870; x_wconf 91' lang='lat' dir='ltr'>ea</span> <span class='ocrx_word' id='word_1_240' title='bbox 1611 1819 1717 1868; x_wconf 79' lang='lat' dir='ltr'><strong>manime</strong></span> 
     </span>
     <span class='ocr_line' id='line_1_17' title="bbox 96 1889 1717 1979; baseline -0.002 -19"><span class='ocrx_word' id='word_1_241' title='bbox 96 1905 157 1960; x_wconf 80' lang='grc' dir='ltr'>θεοῦ</span> <span class='ocrx_word' id='word_1_242' title='bbox 176 1899 224 1977; x_wconf 78' lang='grc' dir='ltr'>μίν</span> <span class='ocrx_word' id='word_1_243' title='bbox 247 1900 364 1976; x_wconf 89' lang='grc' dir='ltr'>μάλιστα</span> <span class='ocrx_word' id='word_1_244' title='bbox 378 1897 469 1979; x_wconf 86' lang='grc' dir='ltr'>έργον,</span> <span class='ocrx_word' id='word_1_245' title='bbox 491 1899 514 1958; x_wconf 89' lang='grc' dir='ltr'>εί</span> <span class='ocrx_word' id='word_1_246' title='bbox 528 1923 583 1968; x_wconf 87' lang='grc' dir='ltr'>πως</span> <span class='ocrx_word' id='word_1_247' title='bbox 605 1889 698 1959; x_wconf 78' lang='grc' dir='ltr'>οἷόντε</span> <span class='ocrx_word' id='word_1_248' title='bbox 713 1890 745 1972; x_wconf 72' lang='grc' dir='ltr'>ἦν</span> <span class='ocrx_word' id='word_1_249' title='bbox 756 1896 884 1968; x_wconf 78' lang='grc' dir='ltr'>ἐπιτάξεις</span> <span class='ocrx_word' id='word_1_250' title='bbox 928 1906 1027 1969; x_wconf 87' lang='lat' dir='ltr'><strong>quidem</strong></span> <span class='ocrx_word' id='word_1_251' title='bbox 1043 1905 1082 1955; x_wconf 88' lang='lat' dir='ltr'>del</span> <span class='ocrx_word' id='word_1_252' title='bbox 1092 1919 1190 1969; x_wconf 89' lang='lat' dir='ltr'><strong>operam</strong></span> <span class='ocrx_word' id='word_1_253' title='bbox 1201 1907 1392 1970; x_wconf 84' lang='lat' dir='ltr'><strong>requirerent,si</strong></span> <span class='ocrx_word' id='word_1_254' title='bbox 1405 1921 1454 1970; x_wconf 84' lang='lat' dir='ltr'><strong>qua</strong></span> <span class='ocrx_word' id='word_1_255' title='bbox 1470 1907 1522 1958; x_wconf 89' lang='lat' dir='ltr'><strong>lieri</strong></span> <span class='ocrx_word' id='word_1_256' title='bbox 1536 1910 1629 1971; x_wconf 86' lang='lat' dir='ltr'><strong>posset,</strong></span> <span class='ocrx_word' id='word_1_257' title='bbox 1646 1911 1673 1957; x_wconf 94' lang='lat' dir='ltr'>ut</span> <span class='ocrx_word' id='word_1_258' title='bbox 1685 1907 1717 1957; x_wconf 92' lang='lat' dir='ltr'><strong>ab</strong></span> 
     </span>
     <span class='ocr_line' id='line_1_18' title="bbox 96 1986 1716 2070; baseline -0.001 -23"><span class='ocrx_word' id='word_1_259' title='bbox 96 1987 177 2057; x_wconf 82' lang='grc' dir='ltr'>αι’ντθς</span> <span class='ocrx_word' id='word_1_260' title='bbox 188 1987 251 2070; x_wconf 90' lang='grc' dir='ltr'>παρ’</span> <span class='ocrx_word' id='word_1_261' title='bbox 262 1987 360 2048; x_wconf 85' lang='grc' dir='ltr'>ἐκείνου</span> <span class='ocrx_word' id='word_1_262' title='bbox 368 1987 519 2068; x_wconf 85' lang='grc' dir='ltr'>γίγνεσθαι,</span> <span class='ocrx_word' id='word_1_263' title='bbox 533 1995 579 2047; x_wconf 73' lang='grc' dir='ltr'>νῦν</span> <span class='ocrx_word' id='word_1_264' title='bbox 590 1986 618 2047; x_wconf 86' lang='grc' dir='ltr'>δέ</span> <span class='ocrx_word' id='word_1_265' title='bbox 633 1987 769 2068; x_wconf 85' lang='grc' dir='ltr'>άνθρόιπου</span> <span class='ocrx_word' id='word_1_266' title='bbox 784 1989 882 2064; x_wconf 86' lang='grc' dir='ltr'>τολμη·</span> <span class='ocrx_word' id='word_1_267' title='bbox 929 1995 970 2045; x_wconf 95' lang='lat' dir='ltr'><strong>illo</strong></span> <span class='ocrx_word' id='word_1_268' title='bbox 991 1995 1212 2058; x_wconf 69' lang='lat' dir='ltr'><strong>proscriberentur,</strong></span> <span class='ocrx_word' id='word_1_269' title='bbox 1230 2009 1297 2046; x_wconf 93' lang='lat' dir='ltr'><strong>nunc</strong></span> <span class='ocrx_word' id='word_1_270' title='bbox 1315 2010 1372 2046; x_wconf 83' lang='lat' dir='ltr'><strong>vero</strong></span> <span class='ocrx_word' id='word_1_271' title='bbox 1390 1996 1483 2047; x_wconf 85' lang='lat' dir='ltr'><strong>audace</strong></span> <span class='ocrx_word' id='word_1_272' title='bbox 1493 1997 1600 2061; x_wconf 85' lang='lat' dir='ltr'><strong>quodam</strong></span> <span class='ocrx_word' id='word_1_273' title='bbox 1619 1996 1716 2046; x_wconf 83' lang='lat' dir='ltr'><strong>bomine</strong></span> 
     </span>
     <span class='ocr_line' id='line_1_19' title="bbox 97 2075 1717 2160; baseline -0.002 -23"><span class='ocrx_word' id='word_1_274' title='bbox 97 2083 143 2160; x_wconf 86' lang='grc' dir='ltr'>φοῦ</span> <span class='ocrx_word' id='word_1_275' title='bbox 156 2075 297 2136; x_wconf 83' lang='grc' dir='ltr'>κινδυνεύει</span> <span class='ocrx_word' id='word_1_276' title='bbox 309 2077 409 2137; x_wconf 84' lang='grc' dir='ltr'>δεῖσθαί</span> <span class='ocrx_word' id='word_1_277' title='bbox 421 2100 504 2153; x_wconf 91' lang='grc' dir='ltr'>τινος,</span> <span class='ocrx_word' id='word_1_278' title='bbox 514 2075 542 2144; x_wconf 67' lang='lat' dir='ltr'><strong>te</strong></span> <span class='ocrx_word' id='word_1_279' title='bbox 550 2075 700 2159; x_wconf 75' lang='grc' dir='ltr'>παρρησίαν</span> <span class='ocrx_word' id='word_1_280' title='bbox 713 2075 884 2156; x_wconf 77' lang='grc' dir='ltr'>διαφερόντως</span> <span class='ocrx_word' id='word_1_281' title='bbox 930 2083 1034 2147; x_wconf 86' lang='lat' dir='ltr'><strong>indigere</strong></span> <span class='ocrx_word' id='word_1_282' title='bbox 1045 2084 1168 2145; x_wconf 83' lang='lat' dir='ltr'><strong>ridentur,</strong></span> <span class='ocrx_word' id='word_1_283' title='bbox 1186 2085 1228 2148; x_wconf 85' lang='lat' dir='ltr'>qui</span> <span class='ocrx_word' id='word_1_284' title='bbox 1238 2085 1355 2134; x_wconf 87' lang='lat' dir='ltr'><strong>sermonis</strong></span> <span class='ocrx_word' id='word_1_285' title='bbox 1368 2084 1504 2136; x_wconf 88' lang='lat' dir='ltr'><strong>libertatern</strong></span> <span class='ocrx_word' id='word_1_286' title='bbox 1516 2085 1625 2148; x_wconf 81' lang='lat' dir='ltr'><strong>inprimis</strong></span> <span class='ocrx_word' id='word_1_287' title='bbox 1636 2085 1717 2148; x_wconf 83' lang='lat' dir='ltr'><strong>magni</strong></span> 
     </span>
     <span class='ocr_line' id='line_1_20' title="bbox 96 2157 1716 2247; baseline -0.002 -21"><span class='ocrx_word' id='word_1_288' title='bbox 96 2170 181 2246; x_wconf 84' lang='grc' dir='ltr'>τιμῶν</span> <span class='ocrx_word' id='word_1_289' title='bbox 191 2169 245 2247; x_wconf 87' lang='grc' dir='ltr'>ἐρεῖ</span> <span class='ocrx_word' id='word_1_290' title='bbox 254 2166 288 2225; x_wconf 83' lang='grc' dir='ltr'>τά</span> <span class='ocrx_word' id='word_1_291' title='bbox 300 2167 424 2226; x_wconf 79' lang='grc' dir='ltr'>δοκοῦντα</span> <span class='ocrx_word' id='word_1_292' title='bbox 438 2165 523 2246; x_wconf 81' lang='grc' dir='ltr'>ἄριστ’</span> <span class='ocrx_word' id='word_1_293' title='bbox 534 2157 600 2225; x_wconf 79' lang='grc' dir='ltr'>εἶναι</span> <span class='ocrx_word' id='word_1_294' title='bbox 612 2165 688 2224; x_wconf 86' lang='grc' dir='ltr'>πολει</span> <span class='ocrx_word' id='word_1_295' title='bbox 700 2166 744 2224; x_wconf 84' lang='grc' dir='ltr'>καί</span> <span class='ocrx_word' id='word_1_296' title='bbox 755 2163 883 2236; x_wconf 85' lang='grc' dir='ltr'>πολίταις,</span> <span class='ocrx_word' id='word_1_297' title='bbox 932 2172 1020 2223; x_wconf 85' lang='lat' dir='ltr'><strong>iaciens</strong></span> <span class='ocrx_word' id='word_1_298' title='bbox 1035 2173 1100 2223; x_wconf 83' lang='lat' dir='ltr'><strong>dicat</strong></span> <span class='ocrx_word' id='word_1_299' title='bbox 1112 2171 1177 2236; x_wconf 84' lang='lat' dir='ltr'><strong>quod</strong></span> <span class='ocrx_word' id='word_1_300' title='bbox 1191 2174 1310 2237; x_wconf 89' lang='lat' dir='ltr'><strong>optimum</strong></span> <span class='ocrx_word' id='word_1_301' title='bbox 1323 2187 1374 2224; x_wconf 78' lang='lat' dir='ltr'><strong>esse</strong></span> <span class='ocrx_word' id='word_1_302' title='bbox 1383 2175 1474 2224; x_wconf 79' lang='lat' dir='ltr'><strong>ciuitati</strong></span> <span class='ocrx_word' id='word_1_303' title='bbox 1488 2176 1513 2224; x_wconf 93' lang='lat' dir='ltr'>et</span> <span class='ocrx_word' id='word_1_304' title='bbox 1526 2174 1619 2224; x_wconf 86' lang='lat' dir='ltr'><strong>civibus</strong></span> <span class='ocrx_word' id='word_1_305' title='bbox 1632 2177 1716 2238; x_wconf 85' lang='lat' dir='ltr'><strong>putet,</strong></span> 
     </span>
     <span class='ocr_line' id='line_1_21' title="bbox 55 2252 1717 2336; baseline -0.001 -23"><span class='ocrx_word' id='word_1_306' title='bbox 55 2275 85 2313; x_wconf 82' lang='lat' dir='ltr'><strong>au</strong></span> <span class='ocrx_word' id='word_1_307' title='bbox 97 2258 125 2314; x_wconf 85' lang='grc' dir='ltr'>ἐν</span> <span class='ocrx_word' id='word_1_308' title='bbox 136 2257 233 2336; x_wconf 84' lang='grc' dir='ltr'>ψυχαῖς</span> <span class='ocrx_word' id='word_1_309' title='bbox 247 2253 447 2335; x_wconf 85' lang='grc' dir='ltr'>διεφθαρμέναις</span> <span class='ocrx_word' id='word_1_310' title='bbox 459 2253 488 2313; x_wconf 83' lang='grc' dir='ltr'>τὸ</span> <span class='ocrx_word' id='word_1_311' title='bbox 502 2252 601 2335; x_wconf 91' lang='grc' dir='ltr'>πρέπον</span> <span class='ocrx_word' id='word_1_312' title='bbox 611 2253 657 2313; x_wconf 85' lang='grc' dir='ltr'>καί</span> <span class='ocrx_word' id='word_1_313' title='bbox 670 2255 795 2331; x_wconf 71' lang='grc' dir='ltr'>ἑπόμενον</span> <span class='ocrx_word' id='word_1_314' title='bbox 810 2253 883 2332; x_wconf 76' lang='grc' dir='ltr'>πάσῃ</span> <span class='ocrx_word' id='word_1_315' title='bbox 931 2262 994 2312; x_wconf 92' lang='lat' dir='ltr'><strong>inter</strong></span> <span class='ocrx_word' id='word_1_316' title='bbox 1004 2265 1133 2326; x_wconf 85' lang='lat' dir='ltr'><strong>corruptos</strong></span> <span class='ocrx_word' id='word_1_317' title='bbox 1151 2262 1245 2312; x_wconf 88' lang='lat' dir='ltr'><strong>animos</strong></span> <span class='ocrx_word' id='word_1_318' title='bbox 1257 2263 1403 2313; x_wconf 80' lang='lat' dir='ltr'><strong>conveniens</strong></span> <span class='ocrx_word' id='word_1_319' title='bbox 1417 2269 1441 2313; x_wconf 92' lang='lat' dir='ltr'>et</span> <span class='ocrx_word' id='word_1_320' title='bbox 1451 2267 1640 2314; x_wconf 80' lang='lat' dir='ltr'><strong>consentaneum</strong></span> <span class='ocrx_word' id='word_1_321' title='bbox 1662 2264 1717 2312; x_wconf 88' lang='lat' dir='ltr'><strong>rell-</strong></span> 
     </span>
     <span class='ocr_line' id='line_1_22' title="bbox 96 2341 1716 2425; baseline 0 -24"><span class='ocrx_word' id='word_1_322' title='bbox 96 2347 130 2422; x_wconf 78' lang='grc' dir='ltr'>τῇ</span> <span class='ocrx_word' id='word_1_323' title='bbox 153 2342 273 2425; x_wconf 65' lang='grc' dir='ltr'>πολιτείᾳ</span> <span class='ocrx_word' id='word_1_324' title='bbox 288 2342 407 2417; x_wconf 86' lang='grc' dir='ltr'>τάττων,</span> <span class='ocrx_word' id='word_1_325' title='bbox 427 2341 532 2402; x_wconf 85' lang='grc' dir='ltr'>ἐναντία</span> <span class='ocrx_word' id='word_1_326' title='bbox 545 2342 630 2423; x_wconf 87' lang='grc' dir='ltr'>λέγων</span> <span class='ocrx_word' id='word_1_327' title='bbox 650 2343 706 2408; x_wconf 83' lang='grc' dir='ltr'>ταῖς</span> <span class='ocrx_word' id='word_1_328' title='bbox 720 2341 884 2420; x_wconf 88' lang='grc' dir='ltr'>μεγίσταισιν</span> <span class='ocrx_word' id='word_1_329' title='bbox 929 2349 984 2413; x_wconf 88' lang='lat' dir='ltr'><strong>quis</strong></span> <span class='ocrx_word' id='word_1_330' title='bbox 994 2349 1110 2400; x_wconf 86' lang='lat' dir='ltr'><strong>institutis</strong></span> <span class='ocrx_word' id='word_1_331' title='bbox 1119 2349 1216 2400; x_wconf 88' lang='lat' dir='ltr'><strong>edicens</strong></span> <span class='ocrx_word' id='word_1_332' title='bbox 1224 2353 1309 2402; x_wconf 88' lang='lat' dir='ltr'><strong>contra</strong></span> <span class='ocrx_word' id='word_1_333' title='bbox 1319 2351 1437 2401; x_wconf 79' lang='lat' dir='ltr'><strong>maximas</strong></span> <span class='ocrx_word' id='word_1_334' title='bbox 1446 2351 1589 2415; x_wconf 82' lang='lat' dir='ltr'><strong>cupiditates</strong></span> <span class='ocrx_word' id='word_1_335' title='bbox 1596 2351 1663 2401; x_wconf 94' lang='lat' dir='ltr'><strong>nullo</strong></span> <span class='ocrx_word' id='word_1_336' title='bbox 1676 2352 1716 2401; x_wconf 81' lang='lat' dir='ltr'><strong>tro·</strong></span> 
     </span>
     <span class='ocr_line' id='line_1_23' title="bbox 98 2429 1719 2511; baseline 0 -23"><span class='ocrx_word' id='word_1_337' title='bbox 98 2429 249 2507; x_wconf 79' lang='grc' dir='ltr'>ἐπιθυμίαις</span> <span class='ocrx_word' id='word_1_338' title='bbox 271 2429 318 2490; x_wconf 85' lang='grc' dir='ltr'>καί</span> <span class='ocrx_word' id='word_1_339' title='bbox 339 2431 386 2490; x_wconf 74' lang='lat' dir='ltr'><strong>oriar</strong></span> <span class='ocrx_word' id='word_1_340' title='bbox 403 2429 472 2511; x_wconf 79' lang='grc' dir='ltr'>έχων</span> <span class='ocrx_word' id='word_1_341' title='bbox 498 2429 591 2510; x_wconf 87' lang='grc' dir='ltr'>βοηθδν</span> <span class='ocrx_word' id='word_1_342' title='bbox 612 2430 757 2510; x_wconf 72' lang='grc' dir='ltr'>ἀνθρώπων</span> <span class='ocrx_word' id='word_1_343' title='bbox 772 2431 882 2503; x_wconf 83' lang='grc' dir='ltr'>οὐδένα,</span> <span class='ocrx_word' id='word_1_344' title='bbox 931 2437 1113 2501; x_wconf 77' lang='lat' dir='ltr'><strong>mineadJntore</strong></span> <span class='ocrx_word' id='word_1_345' title='bbox 1124 2439 1240 2488; x_wconf 89' lang='lat' dir='ltr'><strong>rationem</strong></span> <span class='ocrx_word' id='word_1_346' title='bbox 1250 2441 1434 2502; x_wconf 84' lang='lat' dir='ltr'><strong>sequenssolam</strong></span> <span class='ocrx_word' id='word_1_347' title='bbox 1448 2440 1522 2490; x_wconf 90' lang='lat' dir='ltr'><strong>solus.</strong></span> <span class='ocrx_word' id='word_1_348' title='bbox 1536 2443 1719 2498; x_wconf 85' lang='lat' dir='ltr'><strong>-cc.Quam·</strong></span> 
     </span>
     <span class='ocr_line' id='line_1_24' title="bbox 97 2509 1719 2602; baseline 0 -24"><span class='ocrx_word' id='word_1_349' title='bbox 97 2519 168 2601; x_wconf 78' lang='grc' dir='ltr'>λόγῳ</span> <span class='ocrx_word' id='word_1_350' title='bbox 182 2517 307 2597; x_wconf 79' lang='grc' dir='ltr'>ἑπόμενος</span> <span class='ocrx_word' id='word_1_351' title='bbox 321 2520 393 2602; x_wconf 82' lang='grc' dir='ltr'>μόνῳ</span> <span class='ocrx_word' id='word_1_352' title='bbox 407 2518 495 2598; x_wconf 93' lang='grc' dir='ltr'>μόνος.</span> <span class='ocrx_word' id='word_1_353' title='bbox 512 2554 552 2565; x_wconf 92' lang='grc'>-</span> <span class='ocrx_word' id='word_1_354' title='bbox 573 2522 633 2581; x_wconf 85' lang='lat' dir='ltr'><strong>llll.</strong></span> <span class='ocrx_word' id='word_1_355' title='bbox 656 2518 712 2581; x_wconf 87' lang='grc' dir='ltr'>Τίν’</span> <span class='ocrx_word' id='word_1_356' title='bbox 725 2509 760 2578; x_wconf 76' lang='grc' dir='ltr'>αδ</span> <span class='ocrx_word' id='word_1_357' title='bbox 777 2526 840 2596; x_wconf 83' lang='grc' dir='ltr'>νῦν,</span> <span class='ocrx_word' id='word_1_358' title='bbox 862 2510 917 2580; x_wconf 74' lang='lat' dir='ltr'>dd</span> <span class='ocrx_word' id='word_1_359' title='bbox 931 2541 988 2578; x_wconf 88' lang='lat' dir='ltr'>uam</span> <span class='ocrx_word' id='word_1_360' title='bbox 998 2541 1081 2577; x_wconf 88' lang='lat' dir='ltr'><strong>rursus</strong></span> <span class='ocrx_word' id='word_1_361' title='bbox 1091 2527 1170 2588; x_wconf 86' lang='lat' dir='ltr'><strong>hanc,</strong></span> <span class='ocrx_word' id='word_1_362' title='bbox 1184 2541 1200 2577; x_wconf 96' lang='lat' dir='ltr'><strong>o</strong></span> <span class='ocrx_word' id='word_1_363' title='bbox 1212 2527 1316 2591; x_wconf 84' lang='lat' dir='ltr'><strong>hospes,</strong></span> <span class='ocrx_word' id='word_1_364' title='bbox 1330 2529 1473 2578; x_wconf 86' lang='lat' dir='ltr'><strong>senientiam</strong></span> <span class='ocrx_word' id='word_1_365' title='bbox 1484 2528 1719 2579; x_wconf 80' lang='lat' dir='ltr'><strong>dicimualnondum</strong></span> 
     </span>
     <span class='ocr_line' id='line_1_25' title="bbox 99 2607 1720 2689; baseline -0.001 -22"><span class='ocrx_word' id='word_1_366' title='bbox 99 2607 169 2684; x_wconf 75' lang='grc' dir='ltr'>ξένε,</span> <span class='ocrx_word' id='word_1_367' title='bbox 181 2607 257 2686; x_wconf 90' lang='grc' dir='ltr'>λόγον</span> <span class='ocrx_word' id='word_1_368' title='bbox 275 2609 401 2686; x_wconf 78' lang='grc' dir='ltr'>λέγομεν;</span> <span class='ocrx_word' id='word_1_369' title='bbox 414 2610 444 2669; x_wconf 82' lang='grc' dir='ltr'>οὐ</span> <span class='ocrx_word' id='word_1_370' title='bbox 458 2607 562 2689; x_wconf 88' lang='grc' dir='ltr'>γάρπω</span> <span class='ocrx_word' id='word_1_371' title='bbox 577 2607 753 2687; x_wconf 86' lang='grc' dir='ltr'>μανθάνομεν.</span> <span class='ocrx_word' id='word_1_372' title='bbox 767 2643 806 2654; x_wconf 90' lang='grc'>-</span> <span class='ocrx_word' id='word_1_373' title='bbox 823 2612 885 2671; x_wconf 84' lang='grc' dir='ltr'>ΑΘ.</span> <span class='ocrx_word' id='word_1_374' title='bbox 931 2615 995 2666; x_wconf 89' lang='lat' dir='ltr'><strong>enirn</strong></span> <span class='ocrx_word' id='word_1_375' title='bbox 1006 2616 1171 2678; x_wconf 76' lang='lat' dir='ltr'><strong>perspicimus.</strong></span> <span class='ocrx_word' id='word_1_376' title='bbox 1182 2646 1214 2660; x_wconf 89' lang='grc'><strong>-</strong></span> <span class='ocrx_word' id='word_1_377' title='bbox 1231 2620 1292 2666; x_wconf 77' lang='lat' dir='ltr'><strong>Aru.</strong></span> <span class='ocrx_word' id='word_1_378' title='bbox 1308 2619 1391 2680; x_wconf 80' lang='lat' dir='ltr'><strong>licque</strong></span> <span class='ocrx_word' id='word_1_379' title='bbox 1402 2615 1426 2666; x_wconf 90' lang='lat' dir='ltr'>id</span> <span class='ocrx_word' id='word_1_380' title='bbox 1440 2617 1543 2677; x_wconf 68' lang='lat' dir='ltr'><strong>mirum</strong></span> <span class='ocrx_word' id='word_1_381' title='bbox 1560 2617 1600 2667; x_wconf 92' lang='lat' dir='ltr'>sed</span> <span class='ocrx_word' id='word_1_382' title='bbox 1613 2617 1664 2678; x_wconf 87' lang='lat' dir='ltr'>jam</span> <span class='ocrx_word' id='word_1_383' title='bbox 1676 2631 1720 2680; x_wconf 85' lang='lat' dir='ltr'>ego</span> 
     </span>
     <span class='ocr_line' id='line_1_26' title="bbox 52 2693 1720 2780; baseline 0.004 -31"><span class='ocrx_word' id='word_1_384' title='bbox 52 2711 82 2749; x_wconf 81' lang='lat' dir='ltr'>aa</span> <span class='ocrx_word' id='word_1_385' title='bbox 99 2695 216 2763; x_wconf 76' lang='grc' dir='ltr'>Εἰκότως</span> <span class='ocrx_word' id='word_1_386' title='bbox 230 2719 273 2776; x_wconf 83' lang='grc' dir='ltr'>γε·</span> <span class='ocrx_word' id='word_1_387' title='bbox 290 2693 360 2756; x_wconf 64' lang='lat' dir='ltr'><strong>uiti&amp;</strong></span> <span class='ocrx_word' id='word_1_388' title='bbox 380 2694 412 2769; x_wconf 79' lang='grc' dir='ltr'>δὴ</span> <span class='ocrx_word' id='word_1_389' title='bbox 425 2696 587 2777; x_wconf 88' lang='grc' dir='ltr'>πειράσομαι</span> <span class='ocrx_word' id='word_1_390' title='bbox 600 2695 652 2776; x_wconf 82' lang='grc' dir='ltr'>ἐγὼ</span> <span class='ocrx_word' id='word_1_391' title='bbox 665 2699 770 2780; x_wconf 77' lang='grc' dir='ltr'>φράζειν</span> <span class='ocrx_word' id='word_1_392' title='bbox 786 2700 847 2777; x_wconf 78' lang='grc' dir='ltr'>ὑμῖν</span> <span class='ocrx_word' id='word_1_393' title='bbox 861 2721 887 2757; x_wconf 72' lang='grc' dir='ltr'>τι</span> <span class='ocrx_word' id='word_1_394' title='bbox 931 2700 1020 2751; x_wconf 84' lang='lat' dir='ltr'><strong>clarius</strong></span> <span class='ocrx_word' id='word_1_395' title='bbox 1034 2701 1092 2765; x_wconf 85' lang='lat' dir='ltr'><strong>quid</strong></span> <span class='ocrx_word' id='word_1_396' title='bbox 1112 2701 1192 2752; x_wconf 88' lang='lat' dir='ltr'><strong>dicere</strong></span> <span class='ocrx_word' id='word_1_397' title='bbox 1210 2702 1279 2752; x_wconf 86' lang='lat' dir='ltr'><strong>robis</strong></span> <span class='ocrx_word' id='word_1_398' title='bbox 1297 2703 1418 2766; x_wconf 82' lang='lat' dir='ltr'><strong>experiar.</strong></span> <span class='ocrx_word' id='word_1_399' title='bbox 1435 2705 1459 2754; x_wconf 93' lang='lat' dir='ltr'>in</span> <span class='ocrx_word' id='word_1_400' title='bbox 1477 2705 1636 2756; x_wconf 87' lang='lat' dir='ltr'><strong>eruditionem</strong></span> <span class='ocrx_word' id='word_1_401' title='bbox 1655 2706 1720 2756; x_wconf 86' lang='lat' dir='ltr'><strong>enim</strong></span> 
     </span>
     <span class='ocr_line' id='line_1_27' title="bbox 100 2777 1722 2870; baseline -0.001 -25"><span class='ocrx_word' id='word_1_402' title='bbox 100 2784 269 2868; x_wconf 89' lang='grc' dir='ltr'>σαφίστερον.</span> <span class='ocrx_word' id='word_1_403' title='bbox 285 2787 320 2854; x_wconf 79' lang='grc' dir='ltr'>ῶς</span> <span class='ocrx_word' id='word_1_404' title='bbox 331 2783 383 2867; x_wconf 79' lang='grc' dir='ltr'>γάρ</span> <span class='ocrx_word' id='word_1_405' title='bbox 400 2788 437 2853; x_wconf 82' lang='grc' dir='ltr'>είς</span> <span class='ocrx_word' id='word_1_406' title='bbox 448 2785 570 2845; x_wconf 84' lang='grc' dir='ltr'>παιδείαν</span> <span class='ocrx_word' id='word_1_407' title='bbox 583 2777 661 2859; x_wconf 68' lang='grc' dir='ltr'>ἦλθον</span> <span class='ocrx_word' id='word_1_408' title='bbox 675 2791 713 2868; x_wconf 80' lang='grc' dir='ltr'>τῷ</span> <span class='ocrx_word' id='word_1_409' title='bbox 723 2787 808 2870; x_wconf 76' lang='grc' dir='ltr'>λόγῳ,</span> <span class='ocrx_word' id='word_1_410' title='bbox 819 2779 887 2849; x_wconf 77' lang='grc' dir='ltr'>εἶδον</span> <span class='ocrx_word' id='word_1_411' title='bbox 931 2790 1052 2854; x_wconf 85' lang='lat' dir='ltr'><strong>ingressus</strong></span> <span class='ocrx_word' id='word_1_412' title='bbox 1071 2803 1181 2840; x_wconf 88' lang='lat' dir='ltr'><strong>sermone</strong></span> <span class='ocrx_word' id='word_1_413' title='bbox 1200 2791 1250 2840; x_wconf 84' lang='lat' dir='ltr'><strong>aldi</strong></span> <span class='ocrx_word' id='word_1_414' title='bbox 1270 2790 1463 2843; x_wconf 89' lang='lat' dir='ltr'><strong>adolescentulos</strong></span> <span class='ocrx_word' id='word_1_415' title='bbox 1486 2796 1511 2844; x_wconf 87' lang='lat' dir='ltr'>et</span> <span class='ocrx_word' id='word_1_416' title='bbox 1530 2793 1722 2844; x_wconf 83' lang='lat' dir='ltr'><strong>adolescentulas</strong></span> 
     </span>
     <span class='ocr_line' id='line_1_28' title="bbox 99 2874 1721 2958; baseline -0.001 -24"><span class='ocrx_word' id='word_1_417' title='bbox 99 2876 172 2944; x_wconf 84' lang='grc' dir='ltr'>νέους</span> <span class='ocrx_word' id='word_1_418' title='bbox 182 2927 185 2932; x_wconf 93' lang='grc'>.</span> <span class='ocrx_word' id='word_1_419' title='bbox 195 2897 225 2936; x_wconf 90' lang='grc' dir='ltr'>τε</span> <span class='ocrx_word' id='word_1_420' title='bbox 248 2874 294 2935; x_wconf 85' lang='grc' dir='ltr'>καί</span> <span class='ocrx_word' id='word_1_421' title='bbox 318 2874 377 2943; x_wconf 85' lang='grc' dir='ltr'>νέας</span> <span class='ocrx_word' id='word_1_422' title='bbox 399 2877 556 2954; x_wconf 78' lang='grc' dir='ltr'>ὁμιλοῦντας</span> <span class='ocrx_word' id='word_1_423' title='bbox 572 2875 732 2958; x_wconf 88' lang='grc' dir='ltr'>φιλοφρόνως</span> <span class='ocrx_word' id='word_1_424' title='bbox 752 2877 886 2952; x_wconf 78' lang='grc' dir='ltr'>ἀλλήλοις.</span> <span class='ocrx_word' id='word_1_425' title='bbox 931 2879 1009 2930; x_wconf 87' lang='lat' dir='ltr'><strong>amice</strong></span> <span class='ocrx_word' id='word_1_426' title='bbox 1019 2882 1191 2930; x_wconf 83' lang='lat' dir='ltr'><strong>conversantes</strong></span> <span class='ocrx_word' id='word_1_427' title='bbox 1207 2878 1271 2931; x_wconf 89' lang='lat' dir='ltr'><strong>inter</strong></span> <span class='ocrx_word' id='word_1_428' title='bbox 1287 2892 1322 2932; x_wconf 91' lang='lat' dir='ltr'>se.</span> <span class='ocrx_word' id='word_1_429' title='bbox 1341 2882 1423 2945; x_wconf 83' lang='lat' dir='ltr'><strong>ltaque</strong></span> <span class='ocrx_word' id='word_1_430' title='bbox 1434 2884 1554 2942; x_wconf 89' lang='lat' dir='ltr'><strong>metuere,</strong></span> <span class='ocrx_word' id='word_1_431' title='bbox 1572 2886 1599 2932; x_wconf 91' lang='lat' dir='ltr'>ut</span> <span class='ocrx_word' id='word_1_432' title='bbox 1611 2896 1653 2945; x_wconf 92' lang='lat' dir='ltr'>par</span> <span class='ocrx_word' id='word_1_433' title='bbox 1673 2884 1721 2938; x_wconf 85' lang='lat' dir='ltr'><strong>est.</strong></span> 
     </span>
     <span class='ocr_line' id='line_1_29' title="bbox 100 2953 1721 3045; baseline 0.008 -23"><span class='ocrx_word' id='word_1_434' title='bbox 100 2965 204 3036; x_wconf 79' lang='grc' dir='ltr'>εἰσῆλθε</span> <span class='ocrx_word' id='word_1_435' title='bbox 222 2962 254 3036; x_wconf 76' lang='grc' dir='ltr'>δή</span> <span class='ocrx_word' id='word_1_436' title='bbox 270 2987 320 3038; x_wconf 86' lang='grc' dir='ltr'>με,</span> <span class='ocrx_word' id='word_1_437' title='bbox 333 2953 386 3024; x_wconf 80' lang='grc' dir='ltr'>οἷον</span> <span class='ocrx_word' id='word_1_438' title='bbox 397 2963 477 3038; x_wconf 82' lang='grc' dir='ltr'>τίκδς,</span> <span class='ocrx_word' id='word_1_439' title='bbox 490 2965 637 3045; x_wconf 83' lang='grc' dir='ltr'>φοόηθῆναι</span> <span class='ocrx_word' id='word_1_440' title='bbox 653 2963 845 3042; x_wconf 76' lang='grc' dir='ltr'>ξυννοήσαντα,</span> <span class='ocrx_word' id='word_1_441' title='bbox 860 2967 887 3028; x_wconf 93' lang='grc' dir='ltr'>τί</span> <span class='ocrx_word' id='word_1_442' title='bbox 931 2967 994 3032; x_wconf 62' lang='grc' dir='ltr'>θωθί</span> <span class='ocrx_word' id='word_1_443' title='bbox 1008 2971 1136 3033; x_wconf 56' lang='lat' dir='ltr'><strong>lilium,</strong></span> <span class='ocrx_word' id='word_1_444' title='bbox 1151 2968 1211 3032; x_wconf 85' lang='lat' dir='ltr'><strong>quid</strong></span> <span class='ocrx_word' id='word_1_445' title='bbox 1226 2969 1363 3020; x_wconf 56' lang='lat' dir='ltr'>fidendum</span> <span class='ocrx_word' id='word_1_446' title='bbox 1374 2971 1405 3022; x_wconf 66' lang='lat' dir='ltr'>⁸st</span> <span class='ocrx_word' id='word_1_447' title='bbox 1417 2971 1527 3034; x_wconf 65' lang='grc' dir='ltr'>ὓίῖῑίθῑθν</span> <span class='ocrx_word' id='word_1_448' title='bbox 1543 2972 1567 3022; x_wconf 63' lang='lat'>5¹²</span> <span class='ocrx_word' id='word_1_449' title='bbox 1578 2985 1626 3035; x_wconf 86' lang='lat' dir='ltr'><strong>qua</strong></span> <span class='ocrx_word' id='word_1_450' title='bbox 1639 2971 1721 3021; x_wconf 69' lang='grc' dir='ltr'>θθθίθ·</span> 
     </span>
     <span class='ocr_line' id='line_1_30' title="bbox 99 3046 1722 3135; baseline -0.001 -23"><span class='ocrx_word' id='word_1_451' title='bbox 99 3074 138 3118; x_wconf 83' lang='grc' dir='ltr'>τις</span> <span class='ocrx_word' id='word_1_452' title='bbox 151 3050 279 3132; x_wconf 77' lang='grc' dir='ltr'>χρήσεται</span> <span class='ocrx_word' id='word_1_453' title='bbox 291 3057 326 3134; x_wconf 83' lang='grc' dir='ltr'>τῇ</span> <span class='ocrx_word' id='word_1_454' title='bbox 340 3051 449 3135; x_wconf 82' lang='grc' dir='ltr'>τοιαύτῃ</span> <span class='ocrx_word' id='word_1_455' title='bbox 464 3053 558 3125; x_wconf 88' lang='grc' dir='ltr'>πόλει,</span> <span class='ocrx_word' id='word_1_456' title='bbox 573 3057 598 3113; x_wconf 81' lang='grc' dir='ltr'>ἐν</span> <span class='ocrx_word' id='word_1_457' title='bbox 617 3046 680 3133; x_wconf 75' lang='grc' dir='ltr'>ᾖδὴ</span> <span class='ocrx_word' id='word_1_458' title='bbox 701 3051 753 3114; x_wconf 85' lang='grc' dir='ltr'>νέοι</span> <span class='ocrx_word' id='word_1_459' title='bbox 769 3055 818 3133; x_wconf 78' lang='grc' dir='ltr'>μὲν</span> <span class='ocrx_word' id='word_1_460' title='bbox 830 3055 888 3116; x_wconf 75' lang='grc' dir='ltr'>νέαι</span> <span class='ocrx_word' id='word_1_461' title='bbox 931 3057 1036 3108; x_wconf 87' lang='lat' dir='ltr'><strong>soentuli</strong></span> <span class='ocrx_word' id='word_1_462' title='bbox 1059 3057 1108 3108; x_wconf 90' lang='lat' dir='ltr'><strong>sint</strong></span> <span class='ocrx_word' id='word_1_463' title='bbox 1123 3061 1149 3108; x_wconf 89' lang='lat' dir='ltr'>et</span> <span class='ocrx_word' id='word_1_464' title='bbox 1162 3057 1354 3110; x_wconf 72' lang='lat' dir='ltr'><strong>,adelmoentuira</strong></span> <span class='ocrx_word' id='word_1_465' title='bbox 1374 3060 1516 3123; x_wconf 83' lang='lat' dir='ltr'><strong>emporibus</strong></span> <span class='ocrx_word' id='word_1_466' title='bbox 1533 3059 1595 3111; x_wconf 89' lang='lat' dir='ltr'><strong>bene</strong></span> <span class='ocrx_word' id='word_1_467' title='bbox 1611 3060 1722 3123; x_wconf 86' lang='lat' dir='ltr'><strong>nutritis,</strong></span> 
     </span>
     <span class='ocr_line' id='line_1_31' title="bbox 57 3141 1723 3226; baseline -0.001 -26"><span class='ocrx_word' id='word_1_468' title='bbox 57 3169 87 3206; x_wconf 80' lang='grc' dir='ltr'>νο</span> <span class='ocrx_word' id='word_1_469' title='bbox 100 3163 130 3199; x_wconf 90' lang='grc' dir='ltr'>τε</span> <span class='ocrx_word' id='word_1_470' title='bbox 144 3142 274 3224; x_wconf 78' lang='grc' dir='ltr'>εὐτρεφεῖς</span> <span class='ocrx_word' id='word_1_471' title='bbox 284 3144 348 3216; x_wconf 84' lang='grc' dir='ltr'>τίσι,</span> <span class='ocrx_word' id='word_1_472' title='bbox 361 3141 448 3201; x_wconf 89' lang='grc' dir='ltr'>πόνων</span> <span class='ocrx_word' id='word_1_473' title='bbox 463 3141 489 3202; x_wconf 91' lang='grc' dir='ltr'>δέ</span> <span class='ocrx_word' id='word_1_474' title='bbox 505 3144 623 3225; x_wconf 84' lang='grc' dir='ltr'>σφοδρῶν</span> <span class='ocrx_word' id='word_1_475' title='bbox 637 3143 683 3203; x_wconf 80' lang='grc' dir='ltr'>καί</span> <span class='ocrx_word' id='word_1_476' title='bbox 697 3143 886 3226; x_wconf 72' lang='grc' dir='ltr'>ἀνελευθέρων,</span> <span class='ocrx_word' id='word_1_477' title='bbox 933 3146 1044 3196; x_wconf 88' lang='lat' dir='ltr'><strong>laborum</strong></span> <span class='ocrx_word' id='word_1_478' title='bbox 1065 3149 1147 3198; x_wconf 86' lang='lat' dir='ltr'><strong>sutem</strong></span> <span class='ocrx_word' id='word_1_479' title='bbox 1163 3147 1256 3198; x_wconf 85' lang='lat' dir='ltr'><strong>acrium</strong></span> <span class='ocrx_word' id='word_1_480' title='bbox 1269 3150 1294 3198; x_wconf 87' lang='lat' dir='ltr'>et</span> <span class='ocrx_word' id='word_1_481' title='bbox 1307 3147 1474 3212; x_wconf 82' lang='lat' dir='ltr'><strong>illiberalium,</strong></span> <span class='ocrx_word' id='word_1_482' title='bbox 1485 3149 1527 3212; x_wconf 88' lang='lat' dir='ltr'>qui</span> <span class='ocrx_word' id='word_1_483' title='bbox 1544 3149 1651 3200; x_wconf 80' lang='lat' dir='ltr'><strong>maxime</strong></span> <span class='ocrx_word' id='word_1_484' title='bbox 1669 3149 1723 3199; x_wconf 92' lang='lat' dir='ltr'><strong>libi·</strong></span> 
     </span>
     <span class='ocr_line' id='line_1_32' title="bbox 100 3227 1722 3312; baseline -0.001 -23"><span class='ocrx_word' id='word_1_485' title='bbox 100 3227 127 3288; x_wconf 79' lang='grc' dir='ltr'>οί</span> <span class='ocrx_word' id='word_1_486' title='bbox 146 3229 262 3307; x_wconf 87' lang='grc' dir='ltr'>μάλιστα</span> <span class='ocrx_word' id='word_1_487' title='bbox 278 3229 355 3312; x_wconf 76' lang='grc' dir='ltr'>ίδριν</span> <span class='ocrx_word' id='word_1_488' title='bbox 377 3230 547 3309; x_wconf 80' lang='grc' dir='ltr'>σόεννόασιν,</span> <span class='ocrx_word' id='word_1_489' title='bbox 567 3231 659 3312; x_wconf 75' lang='grc' dir='ltr'>ἀργοί,</span> <span class='ocrx_word' id='word_1_490' title='bbox 681 3232 767 3293; x_wconf 75' lang='grc' dir='ltr'>θυσίαι</span> <span class='ocrx_word' id='word_1_491' title='bbox 790 3232 818 3295; x_wconf 65' lang='grc' dir='ltr'>δὲ</span> <span class='ocrx_word' id='word_1_492' title='bbox 841 3236 887 3295; x_wconf 72' lang='grc' dir='ltr'>χαὶ</span> <span class='ocrx_word' id='word_1_493' title='bbox 933 3234 1005 3285; x_wconf 92' lang='lat' dir='ltr'><strong>diues</strong></span> <span class='ocrx_word' id='word_1_494' title='bbox 1022 3235 1194 3298; x_wconf 83' lang='lat' dir='ltr'><strong>exstinguunt,</strong></span> <span class='ocrx_word' id='word_1_495' title='bbox 1210 3234 1345 3297; x_wconf 87' lang='lat' dir='ltr'><strong>immunes,</strong></span> <span class='ocrx_word' id='word_1_496' title='bbox 1362 3236 1480 3286; x_wconf 77' lang='lat' dir='ltr'><strong>munitiola</strong></span> <span class='ocrx_word' id='word_1_497' title='bbox 1496 3250 1553 3287; x_wconf 83' lang='lat' dir='ltr'><strong>sero</strong></span> <span class='ocrx_word' id='word_1_498' title='bbox 1567 3241 1591 3287; x_wconf 87' lang='lat' dir='ltr'><strong>at</strong></span> <span class='ocrx_word' id='word_1_499' title='bbox 1605 3237 1656 3287; x_wconf 86' lang='lat' dir='ltr'><strong>dies</strong></span> <span class='ocrx_word' id='word_1_500' title='bbox 1670 3238 1722 3287; x_wconf 87' lang='lat' dir='ltr'><strong>testi</strong></span> 
     </span>
     <span class='ocr_line' id='line_1_33' title="bbox 101 3317 1722 3400; baseline 0.008 -25"><span class='ocrx_word' id='word_1_501' title='bbox 101 3317 188 3396; x_wconf 78' lang='grc' dir='ltr'>ἑορταί</span> <span class='ocrx_word' id='word_1_502' title='bbox 203 3317 249 3377; x_wconf 84' lang='grc' dir='ltr'>καί</span> <span class='ocrx_word' id='word_1_503' title='bbox 263 3318 339 3399; x_wconf 84' lang='grc' dir='ltr'>χοροί</span> <span class='ocrx_word' id='word_1_504' title='bbox 351 3327 418 3378; x_wconf 75' lang='grc' dir='ltr'>πᾶσι</span> <span class='ocrx_word' id='word_1_505' title='bbox 434 3319 542 3395; x_wconf 77' lang='grc' dir='ltr'>μέλουσι</span> <span class='ocrx_word' id='word_1_506' title='bbox 558 3320 601 3380; x_wconf 81' lang='grc' dir='ltr'>διὰ</span> <span class='ocrx_word' id='word_1_507' title='bbox 615 3319 682 3400; x_wconf 90' lang='grc' dir='ltr'>βίου.</span> <span class='ocrx_word' id='word_1_508' title='bbox 696 3320 754 3380; x_wconf 89' lang='grc' dir='ltr'>τίνα</span> <span class='ocrx_word' id='word_1_509' title='bbox 777 3322 809 3394; x_wconf 77' lang='grc' dir='ltr'>δή</span> <span class='ocrx_word' id='word_1_510' title='bbox 823 3346 887 3384; x_wconf 92' lang='grc' dir='ltr'>ποτε</span> <span class='ocrx_word' id='word_1_511' title='bbox 902 3343 920 3386; x_wconf 89' lang='lat' dir='ltr'>e</span> <span class='ocrx_word' id='word_1_512' title='bbox 933 3326 958 3373; x_wconf 65' lang='lat'>0²</span> <span class='ocrx_word' id='word_1_513' title='bbox 970 3323 1037 3374; x_wconf 68' lang='grc' dir='ltr'>θθθῐί</span> <span class='ocrx_word' id='word_1_514' title='bbox 1055 3323 1169 3374; x_wconf 66' lang='lat' dir='ltr'>⁰¹¹iiilb¹¹⁸</span> <span class='ocrx_word' id='word_1_515' title='bbox 1183 3338 1225 3387; x_wconf 72' lang='lat' dir='ltr'><em>W</em></span> <span class='ocrx_word' id='word_1_516' title='bbox 1243 3337 1341 3374; x_wconf 60' lang='grc' dir='ltr'>ΟΜΝΗ]</span> <span class='ocrx_word' id='word_1_517' title='bbox 1359 3325 1436 3375; x_wconf 63' lang='lat' dir='ltr'>iiim</span> <span class='ocrx_word' id='word_1_518' title='bbox 1450 3337 1516 3375; x_wconf 61' lang='lat' dir='ltr'>clim</span> <span class='ocrx_word' id='word_1_519' title='bbox 1532 3325 1647 3388; x_wconf 62' lang='lat' dir='ltr'><strong>midique</strong></span> <span class='ocrx_word' id='word_1_520' title='bbox 1665 3327 1722 3376; x_wconf 67' lang='lat'><strong>⁵¹⁰2·</strong></span> 
     </span>
     <span class='ocr_line' id='line_1_34' title="bbox 100 3406 1724 3492; baseline -0.002 -24"><span class='ocrx_word' id='word_1_521' title='bbox 100 3406 196 3483; x_wconf 85' lang='grc' dir='ltr'>τρόπον</span> <span class='ocrx_word' id='word_1_522' title='bbox 216 3409 242 3466; x_wconf 81' lang='grc' dir='ltr'>ἐν</span> <span class='ocrx_word' id='word_1_523' title='bbox 256 3408 341 3488; x_wconf 80' lang='grc' dir='ltr'>ταύτῃ</span> <span class='ocrx_word' id='word_1_524' title='bbox 359 3408 482 3487; x_wconf 80' lang='grc' dir='ltr'>τῇπολει</span> <span class='ocrx_word' id='word_1_525' title='bbox 502 3408 640 3492; x_wconf 79' lang='grc' dir='ltr'>ἀφίξονται</span> <span class='ocrx_word' id='word_1_526' title='bbox 657 3413 708 3468; x_wconf 91' lang='grc' dir='ltr'>τῶν</span> <span class='ocrx_word' id='word_1_527' title='bbox 723 3410 836 3479; x_wconf 80' lang='grc' dir='ltr'>πολλοὺς</span> <span class='ocrx_word' id='word_1_528' title='bbox 856 3409 888 3483; x_wconf 80' lang='grc' dir='ltr'>δὴ</span> <span class='ocrx_word' id='word_1_529' title='bbox 933 3426 1041 3476; x_wconf 87' lang='lat' dir='ltr'><strong>quonam</strong></span> <span class='ocrx_word' id='word_1_530' title='bbox 1062 3413 1134 3476; x_wconf 85' lang='lat' dir='ltr'><strong>igilur</strong></span> <span class='ocrx_word' id='word_1_531' title='bbox 1149 3413 1222 3463; x_wconf 89' lang='lat' dir='ltr'><strong>modo</strong></span> <span class='ocrx_word' id='word_1_532' title='bbox 1243 3413 1267 3463; x_wconf 93' lang='lat' dir='ltr'>ln</span> <span class='ocrx_word' id='word_1_533' title='bbox 1285 3413 1332 3462; x_wconf 86' lang='lat' dir='ltr'><strong>bac</strong></span> <span class='ocrx_word' id='word_1_534' title='bbox 1348 3414 1447 3465; x_wconf 83' lang='lat' dir='ltr'><strong>civitate</strong></span> <span class='ocrx_word' id='word_1_535' title='bbox 1465 3414 1619 3466; x_wconf 81' lang='lat' dir='ltr'><strong>abstinebunt</strong></span> <span class='ocrx_word' id='word_1_536' title='bbox 1633 3414 1724 3464; x_wconf 87' lang='lat' dir='ltr'><strong>multos</strong></span> 
     </span>
     <span class='ocr_line' id='line_1_35' title="bbox 101 3489 1722 3579; baseline -0.002 -22"><span class='ocrx_word' id='word_1_537' title='bbox 101 3494 188 3554; x_wconf 77' lang='grc' dir='ltr'>πολλά</span> <span class='ocrx_word' id='word_1_538' title='bbox 201 3497 344 3574; x_wconf 74' lang='grc' dir='ltr'>ἐπιθυμῶν</span> <span class='ocrx_word' id='word_1_539' title='bbox 354 3497 390 3564; x_wconf 85' lang='grc' dir='ltr'>είς</span> <span class='ocrx_word' id='word_1_540' title='bbox 402 3494 503 3576; x_wconf 85' lang='grc' dir='ltr'>ίοχατα</span> <span class='ocrx_word' id='word_1_541' title='bbox 520 3500 683 3577; x_wconf 88' lang='grc' dir='ltr'>βαλλουσῶν,</span> <span class='ocrx_word' id='word_1_542' title='bbox 693 3489 729 3557; x_wconf 76' lang='grc' dir='ltr'>ὧν</span> <span class='ocrx_word' id='word_1_543' title='bbox 742 3495 772 3556; x_wconf 82' lang='grc' dir='ltr'>θν</span> <span class='ocrx_word' id='word_1_544' title='bbox 788 3498 888 3579; x_wconf 72' lang='grc' dir='ltr'>όλόγος</span> <span class='ocrx_word' id='word_1_545' title='bbox 933 3501 981 3551; x_wconf 91' lang='lat' dir='ltr'><strong>iltis</strong></span> <span class='ocrx_word' id='word_1_546' title='bbox 995 3501 1072 3551; x_wconf 83' lang='lat' dir='ltr'><strong>muru</strong></span> <span class='ocrx_word' id='word_1_547' title='bbox 1083 3502 1107 3550; x_wconf 91' lang='lat' dir='ltr'>in</span> <span class='ocrx_word' id='word_1_548' title='bbox 1117 3504 1227 3552; x_wconf 80' lang='lat' dir='ltr'><strong>extrema</strong></span> <span class='ocrx_word' id='word_1_549' title='bbox 1239 3501 1423 3564; x_wconf 79' lang='lat' dir='ltr'><strong>conjicientibus</strong></span> <span class='ocrx_word' id='word_1_550' title='bbox 1434 3502 1621 3566; x_wconf 75' lang='lat' dir='ltr'><strong>cupiditatibus,</strong></span> <span class='ocrx_word' id='word_1_551' title='bbox 1632 3501 1722 3566; x_wconf 80' lang='lat' dir='ltr'><strong>quibos</strong></span> 
     </span>
     <span class='ocr_line' id='line_1_36' title="bbox 58 3582 1725 3667; baseline -0.001 -23"><span class='ocrx_word' id='word_1_552' title='bbox 58 3609 88 3650; x_wconf 72' lang='grc' dir='ltr'>σε</span> <span class='ocrx_word' id='word_1_553' title='bbox 100 3582 252 3664; x_wconf 84' lang='grc' dir='ltr'>προστάττῃ</span> <span class='ocrx_word' id='word_1_554' title='bbox 266 3583 426 3665; x_wconf 82' lang='grc' dir='ltr'>ἀπέχεσθαι,</span> <span class='ocrx_word' id='word_1_555' title='bbox 440 3585 517 3663; x_wconf 88' lang='grc' dir='ltr'>νόμος</span> <span class='ocrx_word' id='word_1_556' title='bbox 533 3588 672 3667; x_wconf 83' lang='grc' dir='ltr'>ἐπιχειρῶν</span> <span class='ocrx_word' id='word_1_557' title='bbox 684 3587 817 3664; x_wconf 86' lang='grc' dir='ltr'>γίγνεσθαι</span> <span class='ocrx_word' id='word_1_558' title='bbox 826 3612 833 3659; x_wconf 90' lang='lat'>;</span> <span class='ocrx_word' id='word_1_559' title='bbox 843 3588 889 3648; x_wconf 77' lang='grc' dir='ltr'>καί</span> <span class='ocrx_word' id='word_1_560' title='bbox 936 3589 997 3640; x_wconf 88' lang='lat' dir='ltr'><strong>ratio</strong></span> <span class='ocrx_word' id='word_1_561' title='bbox 1016 3590 1135 3640; x_wconf 83' lang='lat' dir='ltr'><strong>abstinere</strong></span> <span class='ocrx_word' id='word_1_562' title='bbox 1151 3589 1249 3653; x_wconf 75' lang='lat' dir='ltr'><strong>iubeat,</strong></span> <span class='ocrx_word' id='word_1_563' title='bbox 1261 3591 1301 3641; x_wconf 82' lang='lat' dir='ltr'>lex</span> <span class='ocrx_word' id='word_1_564' title='bbox 1323 3590 1374 3642; x_wconf 88' lang='lat' dir='ltr'><strong>lieri</strong></span> <span class='ocrx_word' id='word_1_565' title='bbox 1389 3591 1553 3642; x_wconf 74' lang='lat' dir='ltr'><strong>contendens?</strong></span> <span class='ocrx_word' id='word_1_566' title='bbox 1564 3597 1589 3642; x_wconf 87' lang='lat' dir='ltr'>et</span> <span class='ocrx_word' id='word_1_567' title='bbox 1609 3591 1725 3655; x_wconf 89' lang='lat' dir='ltr'><strong>plurimas</strong></span> 
     </span>
     <span class='ocr_line' id='line_1_37' title="bbox 102 3671 1725 3757; baseline 0.004 -26"><span class='ocrx_word' id='word_1_568' title='bbox 102 3675 155 3731; x_wconf 89' lang='grc' dir='ltr'>τῶν</span> <span class='ocrx_word' id='word_1_569' title='bbox 171 3671 219 3749; x_wconf 78' lang='grc' dir='ltr'>μίν</span> <span class='ocrx_word' id='word_1_570' title='bbox 234 3673 339 3732; x_wconf 89' lang='grc' dir='ltr'>πολλῶν</span> <span class='ocrx_word' id='word_1_571' title='bbox 351 3674 380 3731; x_wconf 90' lang='grc' dir='ltr'>οὐ</span> <span class='ocrx_word' id='word_1_572' title='bbox 396 3672 546 3752; x_wconf 83' lang='grc' dir='ltr'>θαυμαστόν</span> <span class='ocrx_word' id='word_1_573' title='bbox 560 3676 706 3753; x_wconf 83' lang='grc' dir='ltr'>ἐπιθυμιῶν</span> <span class='ocrx_word' id='word_1_574' title='bbox 719 3678 741 3735; x_wconf 83' lang='grc' dir='ltr'>εί</span> <span class='ocrx_word' id='word_1_575' title='bbox 754 3678 848 3757; x_wconf 87' lang='grc' dir='ltr'>κρατοῖ</span> <span class='ocrx_word' id='word_1_576' title='bbox 855 3677 889 3737; x_wconf 85' lang='grc' dir='ltr'>τδι</span> <span class='ocrx_word' id='word_1_577' title='bbox 934 3685 1033 3748; x_wconf 88' lang='lat' dir='ltr'><strong>quidem</strong></span> <span class='ocrx_word' id='word_1_578' title='bbox 1045 3684 1188 3749; x_wconf 84' lang='lat' dir='ltr'><strong>cupiditates</strong></span> <span class='ocrx_word' id='word_1_579' title='bbox 1201 3686 1289 3737; x_wconf 90' lang='lat' dir='ltr'><strong>mirum</strong></span> <span class='ocrx_word' id='word_1_580' title='bbox 1300 3700 1350 3736; x_wconf 92' lang='lat' dir='ltr'>non</span> <span class='ocrx_word' id='word_1_581' title='bbox 1362 3687 1421 3737; x_wconf 84' lang='lat' dir='ltr'><strong>sitsi</strong></span> <span class='ocrx_word' id='word_1_582' title='bbox 1433 3687 1500 3749; x_wconf 89' lang='lat' dir='ltr'><strong>prius</strong></span> <span class='ocrx_word' id='word_1_583' title='bbox 1514 3690 1604 3739; x_wconf 85' lang='lat' dir='ltr'><strong>statuta</strong></span> <span class='ocrx_word' id='word_1_584' title='bbox 1618 3688 1725 3751; x_wconf 81' lang='lat' dir='ltr'><strong>legitima</strong></span> 
     </span>
     <span class='ocr_line' id='line_1_38' title="bbox 45 3760 1724 3845; baseline 0.007 -25"><span class='ocrx_word' id='word_1_585' title='bbox 45 3760 215 3841; x_wconf 74' lang='lat' dir='ltr'><strong>ggssnpdcdau</strong></span> <span class='ocrx_word' id='word_1_586' title='bbox 231 3760 332 3838; x_wconf 90' lang='grc' dir='ltr'>νόμιμα</span> <span class='ocrx_word' id='word_1_587' title='bbox 345 3761 487 3843; x_wconf 83' lang='grc' dir='ltr'>ταχθέντα·</span> <span class='ocrx_word' id='word_1_588' title='bbox 499 3763 529 3822; x_wconf 80' lang='lat' dir='ltr'><strong>rb</strong></span> <span class='ocrx_word' id='word_1_589' title='bbox 538 3762 590 3844; x_wconf 85' lang='grc' dir='ltr'>γδρ</span> <span class='ocrx_word' id='word_1_590' title='bbox 600 3764 638 3842; x_wconf 81' lang='grc' dir='ltr'>μὴ</span> <span class='ocrx_word' id='word_1_591' title='bbox 652 3766 773 3825; x_wconf 90' lang='grc' dir='ltr'>πλουτεῖν</span> <span class='ocrx_word' id='word_1_592' title='bbox 784 3789 812 3825; x_wconf 84' lang='grc' dir='ltr'>τε</span> <span class='ocrx_word' id='word_1_593' title='bbox 828 3765 888 3837; x_wconf 82' lang='grc' dir='ltr'>ἐξεῖ-</span> <span class='ocrx_word' id='word_1_594' title='bbox 903 3785 922 3827; x_wconf 81' lang='grc' dir='ltr'>ιι</span> <span class='ocrx_word' id='word_1_595' title='bbox 936 3779 1048 3844; x_wconf 84' lang='lat' dir='ltr'><strong>vincant;</strong></span> <span class='ocrx_word' id='word_1_596' title='bbox 1065 3793 1120 3830; x_wconf 90' lang='lat' dir='ltr'>nam</span> <span class='ocrx_word' id='word_1_597' title='bbox 1132 3782 1157 3831; x_wconf 92' lang='lat' dir='ltr'>et</span> <span class='ocrx_word' id='word_1_598' title='bbox 1169 3779 1243 3843; x_wconf 91' lang='lat' dir='ltr'><strong>illud,</strong></span> <span class='ocrx_word' id='word_1_599' title='bbox 1259 3781 1325 3845; x_wconf 86' lang='lat' dir='ltr'><strong>quod</strong></span> <span class='ocrx_word' id='word_1_600' title='bbox 1340 3781 1412 3832; x_wconf 89' lang='lat' dir='ltr'><strong>nimis</strong></span> <span class='ocrx_word' id='word_1_601' title='bbox 1423 3782 1523 3834; x_wconf 82' lang='lat' dir='ltr'><strong>divitem</strong></span> <span class='ocrx_word' id='word_1_602' title='bbox 1533 3797 1584 3834; x_wconf 84' lang='lat' dir='ltr'><strong>ease</strong></span> <span class='ocrx_word' id='word_1_603' title='bbox 1593 3796 1640 3832; x_wconf 90' lang='lat' dir='ltr'>non</span> <span class='ocrx_word' id='word_1_604' title='bbox 1654 3781 1724 3844; x_wconf 86' lang='lat' dir='ltr'><strong>licet,</strong></span> 
     </span>
     <span class='ocr_line' id='line_1_39' title="bbox 103 3849 1724 3941; baseline 0.005 -33"><span class='ocrx_word' id='word_1_605' title='bbox 103 3872 147 3908; x_wconf 93' lang='grc' dir='ltr'>ναι</span> <span class='ocrx_word' id='word_1_606' title='bbox 161 3849 377 3931; x_wconf 84' lang='grc' dir='ltr'>θπερόαλλόντως</span> <span class='ocrx_word' id='word_1_607' title='bbox 396 3851 493 3929; x_wconf 83' lang='grc' dir='ltr'>άγαθδν</span> <span class='ocrx_word' id='word_1_608' title='bbox 507 3855 571 3933; x_wconf 87' lang='grc' dir='ltr'>πρὸς</span> <span class='ocrx_word' id='word_1_609' title='bbox 583 3853 611 3912; x_wconf 89' lang='grc' dir='ltr'>τό</span> <span class='ocrx_word' id='word_1_610' title='bbox 626 3863 767 3934; x_wconf 84' lang='grc' dir='ltr'>σωφρονεῖν</span> <span class='ocrx_word' id='word_1_611' title='bbox 782 3857 811 3915; x_wconf 83' lang='grc' dir='ltr'>οὐ</span> <span class='ocrx_word' id='word_1_612' title='bbox 824 3881 889 3935; x_wconf 90' lang='grc' dir='ltr'>σμι-</span> <span class='ocrx_word' id='word_1_613' title='bbox 935 3874 965 3924; x_wconf 68' lang='lat' dir='ltr'>ad</span> <span class='ocrx_word' id='word_1_614' title='bbox 977 3875 1161 3938; x_wconf 60' lang='lat' dir='ltr'><strong>temperantiam</strong></span> <span class='ocrx_word' id='word_1_615' title='bbox 1171 3875 1263 3927; x_wconf 71' lang='lat' dir='ltr'><strong>bonum</strong></span> <span class='ocrx_word' id='word_1_616' title='bbox 1278 3876 1344 3926; x_wconf 56' lang='lat' dir='ltr'><strong>haud</strong></span> <span class='ocrx_word' id='word_1_617' title='bbox 1356 3878 1470 3941; x_wconf 60' lang='lat' dir='ltr'><strong>exiguum</strong></span> <span class='ocrx_word' id='word_1_618' title='bbox 1478 3915 1485 3941; x_wconf 52' lang='lat'><strong>¹</strong></span> <span class='ocrx_word' id='word_1_619' title='bbox 1497 3880 1523 3928; x_wconf 61' lang='lat' dir='ltr'>et</span> <span class='ocrx_word' id='word_1_620' title='bbox 1541 3879 1652 3928; x_wconf 60' lang='lat' dir='ltr'><strong>universa</strong></span> <span class='ocrx_word' id='word_1_621' title='bbox 1663 3877 1724 3928; x_wconf 70' lang='lat' dir='ltr'><strong>epu.</strong></span> 
     </span>
     <span class='ocr_line' id='line_1_40' title="bbox 106 3939 1725 4036; baseline 0.007 -24"><span class='ocrx_word' id='word_1_622' title='bbox 106 3939 181 4020; x_wconf 78' lang='lat' dir='ltr'>pru,</span> <span class='ocrx_word' id='word_1_623' title='bbox 202 3939 247 4000; x_wconf 65' lang='grc' dir='ltr'>καί</span> <span class='ocrx_word' id='word_1_624' title='bbox 261 3951 336 3999; x_wconf 63' lang='grc' dir='ltr'>πᾶσα</span> <span class='ocrx_word' id='word_1_625' title='bbox 355 3945 373 4013; x_wconf 79' lang='grc' dir='ltr'>ἦ</span> <span class='ocrx_word' id='word_1_626' title='bbox 393 3941 500 4001; x_wconf 48' lang='lat' dir='ltr'>diffidit</span> <span class='ocrx_word' id='word_1_627' title='bbox 516 3943 635 4025; x_wconf 60' lang='grc' dir='ltr'>μετρίους</span> <span class='ocrx_word' id='word_1_628' title='bbox 655 3943 720 4025; x_wconf 64' lang='grc' dir='ltr'>πρὸς</span> <span class='ocrx_word' id='word_1_629' title='bbox 738 3946 772 4004; x_wconf 63' lang='grc' dir='ltr'>τὰ</span> <span class='ocrx_word' id='word_1_630' title='bbox 791 3947 891 4007; x_wconf 51' lang='lat' dir='ltr'>wlff?</span> <span class='ocrx_word' id='word_1_631' title='bbox 935 3970 999 4021; x_wconf 90' lang='lat' dir='ltr'><strong>catio</strong></span> <span class='ocrx_word' id='word_1_632' title='bbox 1016 3971 1150 4022; x_wconf 89' lang='lat' dir='ltr'><strong>commodis</strong></span> <span class='ocrx_word' id='word_1_633' title='bbox 1168 3971 1198 4021; x_wconf 92' lang='lat' dir='ltr'><strong>ad</strong></span> <span class='ocrx_word' id='word_1_634' title='bbox 1212 3972 1264 4022; x_wconf 84' lang='lat' dir='ltr'><strong>lraec</strong></span> <span class='ocrx_word' id='word_1_635' title='bbox 1277 3972 1371 4036; x_wconf 83' lang='lat' dir='ltr'><strong>legibus</strong></span> <span class='ocrx_word' id='word_1_636' title='bbox 1387 3973 1505 4024; x_wconf 86' lang='lat' dir='ltr'><strong>instructa</strong></span> <span class='ocrx_word' id='word_1_637' title='bbox 1519 3976 1569 4035; x_wconf 89' lang='lat' dir='ltr'><strong>est,</strong></span> <span class='ocrx_word' id='word_1_638' title='bbox 1590 3978 1614 4024; x_wconf 92' lang='lat' dir='ltr'>et</span> <span class='ocrx_word' id='word_1_639' title='bbox 1631 3973 1725 4024; x_wconf 84' lang='lat' dir='ltr'><strong>accedit</strong></span> 
     </span>
    </p>
   </div>
   <div class='ocr_carea' id='block_1_3' title="bbox 57 4027 1726 4201">
    <p class='ocr_par' dir='ltr' id='par_1_4' title="bbox 57 4027 1726 4201">
     <span class='ocr_line' id='line_1_41' title="bbox 57 4027 1726 4130; baseline 0.007 -21"><span class='ocrx_word' id='word_1_640' title='bbox 57 4059 88 4096; x_wconf 70' lang='grc' dir='ltr'>θ’</span> <span class='ocrx_word' id='word_1_641' title='bbox 104 4030 195 4110; x_wconf 64' lang='grc' dir='ltr'>*ἵληθ’</span> <span class='ocrx_word' id='word_1_642' title='bbox 205 4027 312 4104; x_wconf 58' lang='grc' dir='ltr'><strong>νόμους,</strong></span> <span class='ocrx_word' id='word_1_643' title='bbox 333 4030 379 4087; x_wconf 62' lang='lat'>²²²·</span> <span class='ocrx_word' id='word_1_644' title='bbox 394 4029 458 4111; x_wconf 66' lang='grc' dir='ltr'>πθθί</span> <span class='ocrx_word' id='word_1_645' title='bbox 471 4031 571 4099; x_wconf 57' lang='grc' dir='ltr'>τούτοις</span> <span class='ocrx_word' id='word_1_646' title='bbox 588 4035 669 4104; x_wconf 61' lang='grc' dir='ltr'>ἡτῶν</span> <span class='ocrx_word' id='word_1_647' title='bbox 682 4032 817 4114; x_wconf 60' lang='grc' dir='ltr'>θῖθλέίῖων</span> <span class='ocrx_word' id='word_1_648' title='bbox 832 4035 891 4118; x_wconf 64' lang='grc' dir='ltr'>θίῑί</span> <span class='ocrx_word' id='word_1_649' title='bbox 936 4066 1119 4128; x_wconf 70' lang='lat' dir='ltr'><strong>magistratuum</strong></span> <span class='ocrx_word' id='word_1_650' title='bbox 1128 4067 1212 4118; x_wconf 85' lang='lat' dir='ltr'><strong>oculus</strong></span> <span class='ocrx_word' id='word_1_651' title='bbox 1225 4081 1275 4118; x_wconf 93' lang='lat' dir='ltr'>non</span> <span class='ocrx_word' id='word_1_652' title='bbox 1285 4069 1333 4118; x_wconf 88' lang='lat' dir='ltr'><strong>alio</strong></span> <span class='ocrx_word' id='word_1_653' title='bbox 1342 4071 1528 4130; x_wconf 78' lang='lat' dir='ltr'><strong>reconvertere,</strong></span> <span class='ocrx_word' id='word_1_654' title='bbox 1543 4069 1583 4118; x_wconf 85' lang='lat' dir='ltr'>sed</span> <span class='ocrx_word' id='word_1_655' title='bbox 1598 4069 1726 4120; x_wconf 79' lang='lat' dir='ltr'><strong>observare</strong></span> 
     </span>
     <span class='ocr_line' id='line_1_42' title="bbox 104 4116 689 4201; baseline 0.01 -26"><span class='ocrx_word' id='word_1_656' title='bbox 104 4116 320 4196; x_wconf 75' lang='grc' dir='ltr'>διηναγκασμένη</span> <span class='ocrx_word' id='word_1_657' title='bbox 334 4117 371 4195; x_wconf 78' lang='grc' dir='ltr'>μὴ</span> <span class='ocrx_word' id='word_1_658' title='bbox 392 4118 498 4197; x_wconf 84' lang='grc' dir='ltr'>βλέπειν</span> <span class='ocrx_word' id='word_1_659' title='bbox 513 4119 625 4193; x_wconf 80' lang='grc' dir='ltr'>ἄλλοσε,</span> <span class='ocrx_word' id='word_1_660' title='bbox 640 4145 689 4201; x_wconf 93' lang='grc' dir='ltr'>τηρ</span> 
     </span>
    </p>
   </div>
   <div class='ocr_carea' id='block_1_4' title="bbox 59 4195 1728 5434">
    <p class='ocr_par' dir='ltr' id='par_1_5' title="bbox 59 4195 1728 5434">
     <span class='ocr_line' id='line_1_43' title="bbox 104 4195 891 4290; baseline 0.013 -28"><span class='ocrx_word' id='word_1_661' title='bbox 104 4204 185 4272; x_wconf 90' lang='grc' dir='ltr'>νέους.</span> <span class='ocrx_word' id='word_1_662' title='bbox 200 4205 273 4264; x_wconf 82' lang='grc' dir='ltr'>ταῦτ’</span> <span class='ocrx_word' id='word_1_663' title='bbox 285 4195 330 4264; x_wconf 79' lang='grc' dir='ltr'>οθν</span> <span class='ocrx_word' id='word_1_664' title='bbox 344 4205 408 4286; x_wconf 83' lang='grc' dir='ltr'>πρός</span> <span class='ocrx_word' id='word_1_665' title='bbox 418 4204 465 4284; x_wconf 86' lang='grc' dir='ltr'>μὲν</span> <span class='ocrx_word' id='word_1_666' title='bbox 479 4206 525 4275; x_wconf 82' lang='grc' dir='ltr'>τάς</span> <span class='ocrx_word' id='word_1_667' title='bbox 540 4207 621 4276; x_wconf 80' lang='grc' dir='ltr'>ἄλλος</span> <span class='ocrx_word' id='word_1_668' title='bbox 632 4208 783 4286; x_wconf 87' lang='grc' dir='ltr'>ἐπιθυμίας,</span> <span class='ocrx_word' id='word_1_669' title='bbox 798 4211 847 4270; x_wconf 86' lang='grc' dir='ltr'>όσα</span> <span class='ocrx_word' id='word_1_670' title='bbox 862 4236 891 4290; x_wconf 92' lang='grc' dir='ltr'>γε</span> 
     </span>
     <span class='ocr_line' id='line_1_44' title="bbox 107 4291 892 4378; baseline 0.01 -26"><span class='ocrx_word' id='word_1_671' title='bbox 107 4293 271 4374; x_wconf 76' lang='grc' dir='ltr'>ἀνθρώπινα,</span> <span class='ocrx_word' id='word_1_672' title='bbox 287 4293 381 4376; x_wconf 84' lang='grc' dir='ltr'>μέτρον</span> <span class='ocrx_word' id='word_1_673' title='bbox 393 4291 461 4375; x_wconf 81' lang='grc' dir='ltr'>ἔχει·</span> <span class='ocrx_word' id='word_1_674' title='bbox 473 4295 507 4356; x_wconf 76' lang='grc' dir='ltr'>τά</span> <span class='ocrx_word' id='word_1_675' title='bbox 517 4298 544 4355; x_wconf 86' lang='grc' dir='ltr'>δί</span> <span class='ocrx_word' id='word_1_676' title='bbox 555 4295 587 4368; x_wconf 78' lang='grc' dir='ltr'>δὴ</span> <span class='ocrx_word' id='word_1_677' title='bbox 598 4302 648 4356; x_wconf 91' lang='grc' dir='ltr'>τῶν</span> <span class='ocrx_word' id='word_1_678' title='bbox 669 4297 773 4378; x_wconf 80' lang='grc' dir='ltr'>ἐρώτων</span> <span class='ocrx_word' id='word_1_679' title='bbox 790 4299 892 4360; x_wconf 89' lang='grc' dir='ltr'>παίδων</span> 
     </span>
     <span class='ocr_line' id='line_1_45' title="bbox 106 4383 894 4468; baseline 0.008 -26"><span class='ocrx_word' id='word_1_680' title='bbox 106 4407 136 4442; x_wconf 91' lang='grc' dir='ltr'>τε</span> <span class='ocrx_word' id='word_1_681' title='bbox 151 4383 265 4466; x_wconf 75' lang='grc' dir='ltr'>ἀρρένων</span> <span class='ocrx_word' id='word_1_682' title='bbox 276 4383 321 4444; x_wconf 80' lang='grc' dir='ltr'>καί</span> <span class='ocrx_word' id='word_1_683' title='bbox 336 4385 445 4456; x_wconf 83' lang='grc' dir='ltr'>θηλειῶν</span> <span class='ocrx_word' id='word_1_684' title='bbox 464 4384 509 4442; x_wconf 87' lang='grc' dir='ltr'>καί</span> <span class='ocrx_word' id='word_1_685' title='bbox 523 4389 654 4464; x_wconf 88' lang='grc' dir='ltr'>γυναικῶν</span> <span class='ocrx_word' id='word_1_686' title='bbox 668 4387 768 4468; x_wconf 73' lang='grc' dir='ltr'>ἀνδρῶν</span> <span class='ocrx_word' id='word_1_687' title='bbox 785 4389 831 4448; x_wconf 83' lang='grc' dir='ltr'>καί</span> <span class='ocrx_word' id='word_1_688' title='bbox 845 4391 894 4448; x_wconf 82' lang='grc' dir='ltr'>άν-</span> 
     </span>
     <span class='ocr_line' id='line_1_46' title="bbox 59 4471 1710 4558; baseline 0.011 -29"><span class='ocrx_word' id='word_1_689' title='bbox 59 4491 90 4529; x_wconf 79' lang='lat' dir='ltr'>re</span> <span class='ocrx_word' id='word_1_690' title='bbox 108 4471 176 4552; x_wconf 89' lang='grc' dir='ltr'>δρῶν</span> <span class='ocrx_word' id='word_1_691' title='bbox 188 4474 318 4552; x_wconf 89' lang='grc' dir='ltr'>γυναικῶν</span> <span class='ocrx_word' id='word_1_692' title='bbox 326 4471 405 4546; x_wconf 77' lang='grc' dir='ltr'>,ὅθεν</span> <span class='ocrx_word' id='word_1_693' title='bbox 423 4472 455 4546; x_wconf 70' lang='grc' dir='ltr'>δὴ</span> <span class='ocrx_word' id='word_1_694' title='bbox 473 4474 554 4554; x_wconf 88' lang='grc' dir='ltr'>μυρία</span> <span class='ocrx_word' id='word_1_695' title='bbox 565 4474 669 4552; x_wconf 85' lang='grc' dir='ltr'>γέγονεν</span> <span class='ocrx_word' id='word_1_696' title='bbox 682 4476 827 4558; x_wconf 82' lang='grc' dir='ltr'>ἀνθρώποις</span> <span class='ocrx_word' id='word_1_697' title='bbox 839 4479 928 4547; x_wconf 77' lang='lat' dir='ltr'><strong>ttinb</strong></span> <span class='ocrx_word' id='word_1_698' title='bbox 1349 4543 1355 4556; x_wconf 85' lang='grc'>,</span> <span class='ocrx_word' id='word_1_699' title='bbox 1400 4542 1406 4556; x_wconf 84' lang='grc'>,</span> <span class='ocrx_word' id='word_1_700' title='bbox 1522 4543 1528 4555; x_wconf 91' lang='grc'>,</span> <span class='ocrx_word' id='word_1_701' title='bbox 1585 4543 1591 4554; x_wconf 89' lang='grc'>,</span> <span class='ocrx_word' id='word_1_702' title='bbox 1633 4541 1664 4554; x_wconf 82' lang='grc'>,,</span> <span class='ocrx_word' id='word_1_703' title='bbox 1704 4542 1710 4554; x_wconf 82' lang='grc'>,</span> 
     </span>
     <span class='ocr_line' id='line_1_47' title="bbox 107 4541 1724 4630; baseline 0.005 -48"><span class='ocrx_word' id='word_1_704' title='bbox 107 4561 153 4618; x_wconf 58' lang='grc' dir='ltr'>καὶ</span> <span class='ocrx_word' id='word_1_705' title='bbox 167 4557 239 4628; x_wconf 52' lang='grc' dir='ltr'>ὅλαις</span> <span class='ocrx_word' id='word_1_706' title='bbox 252 4559 345 4619; x_wconf 51' lang='lat' dir='ltr'>mm</span> <span class='ocrx_word' id='word_1_707' title='bbox 357 4560 428 4619; x_wconf 55' lang='grc' dir='ltr'>κακὰ</span> <span class='ocrx_word' id='word_1_708' title='bbox 460 4564 515 4629; x_wconf 53' lang='grc' dir='ltr'>πῶς</span> <span class='ocrx_word' id='word_1_709' title='bbox 527 4586 565 4630; x_wconf 57' lang='grc' dir='ltr'>τις</span> <span class='ocrx_word' id='word_1_710' title='bbox 579 4569 655 4622; x_wconf 58' lang='grc' dir='ltr'>τοῦτο</span> <span class='ocrx_word' id='word_1_711' title='bbox 669 4564 827 4626; x_wconf 52' lang='grc' dir='ltr'><strong>διευλαὸοῐτ,</strong></span> <span class='ocrx_word' id='word_1_712' title='bbox 846 4541 887 4627; x_wconf 57' lang='grc' dir='ltr'>ἂν·</span> <span class='ocrx_word' id='word_1_713' title='bbox 938 4541 1053 4591; x_wconf 82' lang='lat' dir='ltr'><strong>sexcenta</strong></span> <span class='ocrx_word' id='word_1_714' title='bbox 1061 4542 1158 4591; x_wconf 87' lang='lat' dir='ltr'><strong>constat</strong></span> <span class='ocrx_word' id='word_1_715' title='bbox 1169 4541 1308 4593; x_wconf 86' lang='lat' dir='ltr'><strong>hominibus</strong></span> <span class='ocrx_word' id='word_1_716' title='bbox 1319 4546 1432 4607; x_wconf 85' lang='lat' dir='ltr'><strong>pnratrm</strong></span> <span class='ocrx_word' id='word_1_717' title='bbox 1449 4545 1473 4592; x_wconf 90' lang='lat' dir='ltr'>et</span> <span class='ocrx_word' id='word_1_718' title='bbox 1488 4555 1604 4592; x_wconf 74' lang='lat' dir='ltr'><strong>universis</strong></span> <span class='ocrx_word' id='word_1_719' title='bbox 1615 4543 1724 4592; x_wconf 78' lang='lat' dir='ltr'><strong>crrrtatr-</strong></span> 
     </span>
     <span class='ocr_line' id='line_1_48' title="bbox 108 4606 1726 4731; baseline 0.006 -55"><span class='ocrx_word' id='word_1_720' title='bbox 108 4646 155 4706; x_wconf 63' lang='grc' dir='ltr'>καφ</span> <span class='ocrx_word' id='word_1_721' title='bbox 167 4646 192 4707; x_wconf 62' lang='grc' dir='ltr'>τί</span> <span class='ocrx_word' id='word_1_722' title='bbox 214 4646 301 4724; x_wconf 55' lang='grc' dir='ltr'>τεμὼν</span> <span class='ocrx_word' id='word_1_723' title='bbox 315 4606 455 4731; x_wconf 44' lang='grc' dir='ltr'>φάρμακ’,</span> <span class='ocrx_word' id='word_1_724' title='bbox 475 4651 575 4718; x_wconf 55' lang='grc' dir='ltr'>τούτοις</span> <span class='ocrx_word' id='word_1_725' title='bbox 589 4651 706 4721; x_wconf 51' lang='grc' dir='ltr'>ἑκάστοις</span> <span class='ocrx_word' id='word_1_726' title='bbox 719 4658 764 4714; x_wconf 61' lang='grc' dir='ltr'>τοῦ</span> <span class='ocrx_word' id='word_1_727' title='bbox 778 4614 894 4718; x_wconf 49' lang='grc' dir='ltr'>τοιούτοξ</span> <span class='ocrx_word' id='word_1_728' title='bbox 939 4632 1104 4686; x_wconf 87' lang='lat' dir='ltr'><strong>busaccidisse</strong></span> <span class='ocrx_word' id='word_1_729' title='bbox 1119 4635 1197 4697; x_wconf 89' lang='lat' dir='ltr'><strong>mala,</strong></span> <span class='ocrx_word' id='word_1_730' title='bbox 1208 4635 1231 4686; x_wconf 91' lang='lat' dir='ltr'>id</span> <span class='ocrx_word' id='word_1_731' title='bbox 1243 4637 1368 4700; x_wconf 88' lang='lat' dir='ltr'><strong>quomodo</strong></span> <span class='ocrx_word' id='word_1_732' title='bbox 1378 4637 1432 4700; x_wconf 85' lang='lat' dir='ltr'><strong>quis</strong></span> <span class='ocrx_word' id='word_1_733' title='bbox 1444 4635 1667 4698; x_wconf 85' lang='lat' dir='ltr'><strong>ritarepoterit,et</strong></span> <span class='ocrx_word' id='word_1_734' title='bbox 1677 4650 1726 4698; x_wconf 76' lang='lat' dir='ltr'><strong>qino</strong></span> 
     </span>
     <span class='ocr_line' id='line_1_49' title="bbox 109 4728 1726 4824; baseline 0.006 -55"><span class='ocrx_word' id='word_1_735' title='bbox 109 4736 228 4795; x_wconf 50' lang='grc' dir='ltr'>,ανδρων</span> <span class='ocrx_word' id='word_1_736' title='bbox 241 4737 370 4819; x_wconf 46' lang='grc' dir='ltr'>γωρυγγ,</span> <span class='ocrx_word' id='word_1_737' title='bbox 378 4737 498 4820; x_wconf 52' lang='grc' dir='ltr'>,γργσῃρ</span> <span class='ocrx_word' id='word_1_738' title='bbox 512 4741 616 4809; x_wconf 46' lang='grc' dir='ltr'>,χω</span> <span class='ocrx_word' id='word_1_739' title='bbox 626 4743 654 4801; x_wconf 62' lang='grc' dir='ltr'>οὗ</span> <span class='ocrx_word' id='word_1_740' title='bbox 669 4740 771 4824; x_wconf 48' lang='lat' dir='ltr'>mm,</span> <span class='ocrx_word' id='word_1_741' title='bbox 784 4733 806 4805; x_wconf 69' lang='grc' dir='ltr'><em>ὦ</em></span> <span class='ocrx_word' id='word_1_742' title='bbox 817 4748 895 4806; x_wconf 54' lang='lat' dir='ltr'>mn,</span> <span class='ocrx_word' id='word_1_743' title='bbox 941 4728 1048 4779; x_wconf 89' lang='lat' dir='ltr'><strong>remedio</strong></span> <span class='ocrx_word' id='word_1_744' title='bbox 1062 4731 1198 4792; x_wconf 79' lang='lat' dir='ltr'><strong>praeparato</strong></span> <span class='ocrx_word' id='word_1_745' title='bbox 1217 4729 1254 4779; x_wconf 76' lang='lat' dir='ltr'><strong>luis</strong></span> <span class='ocrx_word' id='word_1_746' title='bbox 1265 4729 1366 4793; x_wconf 90' lang='lat' dir='ltr'><strong>singulis</strong></span> <span class='ocrx_word' id='word_1_747' title='bbox 1378 4730 1433 4780; x_wconf 86' lang='lat' dir='ltr'><strong>talis</strong></span> <span class='ocrx_word' id='word_1_748' title='bbox 1442 4729 1543 4793; x_wconf 89' lang='lat' dir='ltr'><strong>periculi</strong></span> <span class='ocrx_word' id='word_1_749' title='bbox 1555 4729 1671 4792; x_wconf 73' lang='lat' dir='ltr'><strong>effugium</strong></span> <span class='ocrx_word' id='word_1_750' title='bbox 1688 4729 1726 4788; x_wconf 87' lang='lat' dir='ltr'>ip·</span> 
     </span>
     <span class='ocr_line' id='line_1_50' title="bbox 109 4803 1727 4913; baseline 0.007 -51"><span class='ocrx_word' id='word_1_751' title='bbox 109 4824 163 4882; x_wconf 66' lang='grc' dir='ltr'>,γρΙ</span> <span class='ocrx_word' id='word_1_752' title='bbox 177 4825 222 4884; x_wconf 62' lang='grc' dir='ltr'>,αφ</span> <span class='ocrx_word' id='word_1_753' title='bbox 232 4824 283 4905; x_wconf 53' lang='grc' dir='ltr'>γὰρ</span> <span class='ocrx_word' id='word_1_754' title='bbox 298 4814 342 4884; x_wconf 64' lang='grc' dir='ltr'>οὗ,</span> <span class='ocrx_word' id='word_1_755' title='bbox 355 4827 419 4908; x_wconf 63' lang='grc' dir='ltr'>πρὸς</span> <span class='ocrx_word' id='word_1_756' title='bbox 435 4827 482 4903; x_wconf 63' lang='grc' dir='ltr'>μγ,</span> <span class='ocrx_word' id='word_1_757' title='bbox 493 4827 560 4887; x_wconf 64' lang='grc' dir='ltr'>ἄλλα</span> <span class='ocrx_word' id='word_1_758' title='bbox 576 4832 622 4889; x_wconf 63' lang='grc' dir='ltr'>οὗ,</span> <span class='ocrx_word' id='word_1_759' title='bbox 633 4803 709 4911; x_wconf 58' lang='lat' dir='ltr'><strong>‘mil‘</strong></span> <span class='ocrx_word' id='word_1_760' title='bbox 724 4835 741 4904; x_wconf 72' lang='grc' dir='ltr'>φ</span> <span class='ocrx_word' id='word_1_761' title='bbox 756 4833 850 4913; x_wconf 55' lang='grc' dir='ltr'>Κρήτη</span> <span class='ocrx_word' id='word_1_762' title='bbox 865 4859 894 4895; x_wconf 61' lang='grc' dir='ltr'>τ,</span> <span class='ocrx_word' id='word_1_763' title='bbox 939 4821 1153 4884; x_wconf 79' lang='lat' dir='ltr'><strong>renietiprolecto</strong></span> <span class='ocrx_word' id='word_1_764' title='bbox 1164 4836 1211 4873; x_wconf 93' lang='lat' dir='ltr'>non</span> <span class='ocrx_word' id='word_1_765' title='bbox 1224 4823 1306 4886; x_wconf 86' lang='lat' dir='ltr'><strong>tacite,</strong></span> <span class='ocrx_word' id='word_1_766' title='bbox 1316 4836 1332 4873; x_wconf 94' lang='grc' dir='ltr'>ο</span> <span class='ocrx_word' id='word_1_767' title='bbox 1342 4823 1427 4874; x_wconf 81' lang='lat' dir='ltr'><strong>Clinia.</strong></span> <span class='ocrx_word' id='word_1_768' title='bbox 1439 4836 1495 4873; x_wconf 90' lang='lat' dir='ltr'>nam</span> <span class='ocrx_word' id='word_1_769' title='bbox 1506 4822 1727 4874; x_wconf 82' lang='lat' dir='ltr'><strong>enneadelialreud</strong></span> 
     </span>
     <span class='ocr_line' id='line_1_51' title="bbox 65 4903 1726 5000; baseline 0.007 -44"><span class='ocrx_word' id='word_1_770' title='bbox 65 4933 97 4973; x_wconf 67' lang='grc' dir='ltr'>,ο</span> <span class='ocrx_word' id='word_1_771' title='bbox 112 4917 174 4990; x_wconf 63' lang='grc' dir='ltr'>ᾒμῑ,</span> <span class='ocrx_word' id='word_1_772' title='bbox 187 4913 236 4987; x_wconf 61' lang='grc' dir='ltr'>ὅλη</span> <span class='ocrx_word' id='word_1_773' title='bbox 249 4914 325 4986; x_wconf 62' lang='grc' dir='ltr'>καὶὴ</span> <span class='ocrx_word' id='word_1_774' title='bbox 341 4903 516 4996; x_wconf 66' lang='grc' dir='ltr'>Λαχ,δαςμ’,,,</span> <span class='ocrx_word' id='word_1_775' title='bbox 530 4917 651 4998; x_wconf 44' lang='lat' dir='ltr'><strong>popam,</strong></span> <span class='ocrx_word' id='word_1_776' title='bbox 664 4923 783 4990; x_wconf 45' lang='lat' dir='ltr'>pm&amp;</span> <span class='ocrx_word' id='word_1_777' title='bbox 798 4925 826 4982; x_wconf 71' lang='grc' dir='ltr'>,ὖ</span> <span class='ocrx_word' id='word_1_778' title='bbox 837 4947 895 5000; x_wconf 50' lang='grc' dir='ltr'>,μμ</span> <span class='ocrx_word' id='word_1_779' title='bbox 939 4928 1017 4980; x_wconf 84' lang='lat' dir='ltr'><strong>pauca</strong></span> <span class='ocrx_word' id='word_1_780' title='bbox 1027 4919 1052 4966; x_wconf 86' lang='lat' dir='ltr'>et</span> <span class='ocrx_word' id='word_1_781' title='bbox 1062 4916 1210 4968; x_wconf 79' lang='lat' dir='ltr'><strong>Oretanobis</strong></span> <span class='ocrx_word' id='word_1_782' title='bbox 1222 4919 1274 4968; x_wconf 90' lang='lat' dir='ltr'><strong>tota</strong></span> <span class='ocrx_word' id='word_1_783' title='bbox 1289 4919 1314 4968; x_wconf 90' lang='lat' dir='ltr'>et</span> <span class='ocrx_word' id='word_1_784' title='bbox 1325 4916 1485 4968; x_wconf 72' lang='lat' dir='ltr'><strong>Lacedaemon</strong></span> <span class='ocrx_word' id='word_1_785' title='bbox 1500 4917 1618 4967; x_wconf 79' lang='lat' dir='ltr'><strong>auritium</strong></span> <span class='ocrx_word' id='word_1_786' title='bbox 1634 4931 1659 4968; x_wconf 91' lang='lat' dir='ltr'>re</span> <span class='ocrx_word' id='word_1_787' title='bbox 1670 4930 1726 4967; x_wconf 81' lang='lat' dir='ltr'><strong>sera</strong></span> 
     </span>
     <span class='ocr_line' id='line_1_52' title="bbox 109 5000 1727 5085; baseline 0.011 -25"><span class='ocrx_word' id='word_1_788' title='bbox 109 5000 176 5084; x_wconf 79' lang='grc' dir='ltr'>κράν</span> <span class='ocrx_word' id='word_1_789' title='bbox 185 5001 381 5081; x_wconf 80' lang='grc' dir='ltr'>ξυμόάλλονται</span> <span class='ocrx_word' id='word_1_790' title='bbox 395 5006 486 5064; x_wconf 83' lang='grc' dir='ltr'>τιθεῖσι</span> <span class='ocrx_word' id='word_1_791' title='bbox 495 5007 588 5085; x_wconf 89' lang='grc' dir='ltr'>νόμους</span> <span class='ocrx_word' id='word_1_792' title='bbox 600 5008 718 5077; x_wconf 77' lang='grc' dir='ltr'>ἀλλοίους</span> <span class='ocrx_word' id='word_1_793' title='bbox 727 5013 778 5070; x_wconf 90' lang='grc' dir='ltr'>τῶν</span> <span class='ocrx_word' id='word_1_794' title='bbox 790 5015 894 5073; x_wconf 88' lang='grc' dir='ltr'>πολλῶν</span> <span class='ocrx_word' id='word_1_795' title='bbox 939 5024 988 5061; x_wconf 70' lang='lat'>³⁰¹¹</span> <span class='ocrx_word' id='word_1_796' title='bbox 1003 5024 1105 5073; x_wconf 83' lang='lat' dir='ltr'><strong>parsum</strong></span> <span class='ocrx_word' id='word_1_797' title='bbox 1122 5013 1236 5075; x_wconf 66' lang='lat' dir='ltr'>lmesiam</span> <span class='ocrx_word' id='word_1_798' title='bbox 1248 5011 1309 5075; x_wconf 61' lang='lat' dir='ltr'>&#39;‘³ssss</span> <span class='ocrx_word' id='word_1_799' title='bbox 1324 5012 1455 5062; x_wconf 64' lang='lat' dir='ltr'>seffliffiiui</span> <span class='ocrx_word' id='word_1_800' title='bbox 1468 5025 1484 5061; x_wconf 80' lang='lat'>⁸</span> <span class='ocrx_word' id='word_1_801' title='bbox 1495 5012 1586 5075; x_wconf 63' lang='grc' dir='ltr'>θυίέθῐῑ</span> <span class='ocrx_word' id='word_1_802' title='bbox 1598 5014 1727 5062; x_wconf 59' lang='lat' dir='ltr'>mulssim·</span> 
     </span>
     <span class='ocr_line' id='line_1_53' title="bbox 109 5091 1727 5180; baseline 0.003 -31"><span class='ocrx_word' id='word_1_803' title='bbox 109 5091 231 5170; x_wconf 84' lang='grc' dir='ltr'>τρόπων,</span> <span class='ocrx_word' id='word_1_804' title='bbox 246 5092 306 5174; x_wconf 85' lang='grc' dir='ltr'>περί</span> <span class='ocrx_word' id='word_1_805' title='bbox 318 5094 345 5152; x_wconf 81' lang='grc' dir='ltr'>δέ</span> <span class='ocrx_word' id='word_1_806' title='bbox 359 5097 411 5153; x_wconf 89' lang='grc' dir='ltr'>τῶν</span> <span class='ocrx_word' id='word_1_807' title='bbox 430 5094 533 5174; x_wconf 76' lang='grc' dir='ltr'>ἐράτυεν</span> <span class='ocrx_word' id='word_1_808' title='bbox 549 5097 640 5176; x_wconf 78' lang='grc' dir='ltr'>(αὐτοί</span> <span class='ocrx_word' id='word_1_809' title='bbox 651 5099 702 5180; x_wconf 80' lang='grc' dir='ltr'>γάρ</span> <span class='ocrx_word' id='word_1_810' title='bbox 712 5101 805 5180; x_wconf 87' lang='grc' dir='ltr'>ἐσμεν)</span> <span class='ocrx_word' id='word_1_811' title='bbox 819 5106 896 5162; x_wconf 83' lang='grc' dir='ltr'>έναν-</span> <span class='ocrx_word' id='word_1_812' title='bbox 941 5105 996 5156; x_wconf 87' lang='lat' dir='ltr'><strong>dine</strong></span> <span class='ocrx_word' id='word_1_813' title='bbox 1009 5105 1180 5170; x_wconf 62' lang='lat' dir='ltr'><strong>abhorrentem</strong></span> <span class='ocrx_word' id='word_1_814' title='bbox 1193 5108 1217 5156; x_wconf 86' lang='lat' dir='ltr'>in</span> <span class='ocrx_word' id='word_1_815' title='bbox 1232 5107 1354 5157; x_wconf 84' lang='lat' dir='ltr'><strong>amoribus</strong></span> <span class='ocrx_word' id='word_1_816' title='bbox 1364 5119 1421 5156; x_wconf 81' lang='lat' dir='ltr'><strong>vero</strong></span> <span class='ocrx_word' id='word_1_817' title='bbox 1434 5106 1487 5170; x_wconf 85' lang='lat' dir='ltr'><strong>(soli</strong></span> <span class='ocrx_word' id='word_1_818' title='bbox 1497 5111 1561 5157; x_wconf 84' lang='lat' dir='ltr'><strong>enlm</strong></span> <span class='ocrx_word' id='word_1_819' title='bbox 1576 5107 1670 5168; x_wconf 79' lang='lat' dir='ltr'><strong>aramus)</strong></span> <span class='ocrx_word' id='word_1_820' title='bbox 1683 5106 1727 5156; x_wconf 80' lang='lat' dir='ltr'><strong>arl-</strong></span> 
     </span>
     <span class='ocr_line' id='line_1_54' title="bbox 110 5181 1728 5274; baseline 0.007 -34"><span class='ocrx_word' id='word_1_821' title='bbox 110 5184 226 5242; x_wconf 81' lang='grc' dir='ltr'>τιοῶνται</span> <span class='ocrx_word' id='word_1_822' title='bbox 239 5181 419 5244; x_wconf 89' lang='grc' dir='ltr'>παντάπασιν.</span> <span class='ocrx_word' id='word_1_823' title='bbox 438 5187 461 5244; x_wconf 86' lang='grc' dir='ltr'>εί</span> <span class='ocrx_word' id='word_1_824' title='bbox 477 5187 529 5266; x_wconf 91' lang='grc' dir='ltr'>γάρ</span> <span class='ocrx_word' id='word_1_825' title='bbox 543 5209 581 5254; x_wconf 91' lang='grc' dir='ltr'>τις</span> <span class='ocrx_word' id='word_1_826' title='bbox 602 5189 749 5249; x_wconf 79' lang='grc' dir='ltr'>ἀκολουθῶν</span> <span class='ocrx_word' id='word_1_827' title='bbox 765 5215 796 5271; x_wconf 87' lang='grc' dir='ltr'>τη</span> <span class='ocrx_word' id='word_1_828' title='bbox 821 5192 896 5274; x_wconf 79' lang='grc' dir='ltr'>φύσει</span> <span class='ocrx_word' id='word_1_829' title='bbox 942 5203 1069 5251; x_wconf 73' lang='lat' dir='ltr'><strong>vereantur</strong></span> <span class='ocrx_word' id='word_1_830' title='bbox 1089 5213 1195 5264; x_wconf 85' lang='lat' dir='ltr'><strong>prorsus.</strong></span> <span class='ocrx_word' id='word_1_831' title='bbox 1216 5214 1272 5250; x_wconf 86' lang='lat' dir='ltr'>nam</span> <span class='ocrx_word' id='word_1_832' title='bbox 1295 5202 1314 5251; x_wconf 89' lang='lat' dir='ltr'><strong>si</strong></span> <span class='ocrx_word' id='word_1_833' title='bbox 1329 5201 1383 5264; x_wconf 88' lang='lat' dir='ltr'><strong>quis</strong></span> <span class='ocrx_word' id='word_1_834' title='bbox 1396 5203 1483 5252; x_wconf 87' lang='lat' dir='ltr'><strong>natura</strong></span> <span class='ocrx_word' id='word_1_835' title='bbox 1497 5201 1560 5251; x_wconf 90' lang='lat' dir='ltr'><strong>duce</strong></span> <span class='ocrx_word' id='word_1_836' title='bbox 1573 5201 1649 5264; x_wconf 82' lang='lat' dir='ltr'><strong>legem</strong></span> <span class='ocrx_word' id='word_1_837' title='bbox 1672 5204 1728 5252; x_wconf 86' lang='lat' dir='ltr'><strong>aute</strong></span> 
     </span>
     <span class='ocr_line' id='line_1_55' title="bbox 112 5265 1728 5364; baseline 0.011 -36"><span class='ocrx_word' id='word_1_838' title='bbox 112 5265 189 5338; x_wconf 72' lang='grc' dir='ltr'>θέσει</span> <span class='ocrx_word' id='word_1_839' title='bbox 199 5265 244 5327; x_wconf 73' lang='lat' dir='ltr'><strong>adr</strong></span> <span class='ocrx_word' id='word_1_840' title='bbox 254 5267 307 5347; x_wconf 81' lang='grc' dir='ltr'>πρό</span> <span class='ocrx_word' id='word_1_841' title='bbox 320 5275 366 5330; x_wconf 81' lang='grc' dir='ltr'>τοῦ</span> <span class='ocrx_word' id='word_1_842' title='bbox 381 5273 465 5334; x_wconf 88' lang='grc' dir='ltr'>Λαίου</span> <span class='ocrx_word' id='word_1_843' title='bbox 477 5272 575 5353; x_wconf 88' lang='grc' dir='ltr'>νόμον,</span> <span class='ocrx_word' id='word_1_844' title='bbox 588 5272 685 5355; x_wconf 89' lang='grc' dir='ltr'>λέγων,</span> <span class='ocrx_word' id='word_1_845' title='bbox 697 5281 732 5346; x_wconf 82' lang='grc' dir='ltr'>ῶς</span> <span class='ocrx_word' id='word_1_846' title='bbox 747 5282 828 5361; x_wconf 83' lang='grc' dir='ltr'>ὀρθῶς</span> <span class='ocrx_word' id='word_1_847' title='bbox 840 5273 896 5364; x_wconf 79' lang='grc' dir='ltr'>εἶχε</span> <span class='ocrx_word' id='word_1_848' title='bbox 911 5305 928 5343; x_wconf 91' lang='lat' dir='ltr'><strong>c</strong></span> <span class='ocrx_word' id='word_1_849' title='bbox 943 5295 1026 5346; x_wconf 80' lang='lat' dir='ltr'><strong>Latrim</strong></span> <span class='ocrx_word' id='word_1_850' title='bbox 1045 5293 1195 5346; x_wconf 82' lang='lat' dir='ltr'><strong>obtinentem</strong></span> <span class='ocrx_word' id='word_1_851' title='bbox 1210 5295 1284 5356; x_wconf 84' lang='lat' dir='ltr'><strong>leret,</strong></span> <span class='ocrx_word' id='word_1_852' title='bbox 1298 5298 1363 5346; x_wconf 79' lang='lat' dir='ltr'><strong>reete</strong></span> <span class='ocrx_word' id='word_1_853' title='bbox 1376 5295 1458 5347; x_wconf 84' lang='lat' dir='ltr'><strong>iecisse</strong></span> <span class='ocrx_word' id='word_1_854' title='bbox 1471 5297 1553 5347; x_wconf 72' lang='lat' dir='ltr'><strong>«licens</strong></span> <span class='ocrx_word' id='word_1_855' title='bbox 1564 5297 1605 5358; x_wconf 80' lang='lat' dir='ltr'><strong>qrri</strong></span> <span class='ocrx_word' id='word_1_856' title='bbox 1623 5295 1728 5346; x_wconf 77' lang='lat' dir='ltr'><strong>niarium</strong></span> 
     </span>
     <span class='ocr_line' id='line_1_56' title="bbox 202 5387 1627 5434; baseline 0.013 -7"><span class='ocrx_word' id='word_1_857' title='bbox 202 5389 282 5429; x_wconf 72' lang='lat' dir='ltr'><strong>rouro.</strong></span> <span class='ocrx_word' id='word_1_858' title='bbox 297 5393 327 5434; x_wconf 83' lang='grc' dir='ltr'>ιι.</span> <span class='ocrx_word' id='word_1_859' title='bbox 922 5389 931 5397; x_wconf 88' lang='grc'><em>“</em></span> <span class='ocrx_word' id='word_1_860' title='bbox 1007 5391 1012 5397; x_wconf 94' lang='grc'><strong>’</strong></span> <span class='ocrx_word' id='word_1_861' title='bbox 1062 5387 1065 5394; x_wconf 90' lang='grc'><strong>’</strong></span> <span class='ocrx_word' id='word_1_862' title='bbox 1601 5391 1627 5433; x_wconf 73' lang='lat'>²⁷</span> 
     </span>
    </p>
   </div>
   <div class='ocr_carea' id='block_1_5' title="bbox 691 4123 1726 4229">
    <p class='ocr_par' dir='ltr' id='par_1_6' title="bbox 691 4123 1726 4229">
     <span class='ocr_line' id='line_1_57' title="bbox 691 4123 1726 4229; baseline 0.014 -29"><span class='ocrx_word' id='word_1_863' title='bbox 691 4126 728 4180; x_wconf 55' lang='grc' dir='ltr'>εἴ*</span> <span class='ocrx_word' id='word_1_864' title='bbox 741 4124 764 4181; x_wconf 59' lang='grc' dir='ltr'>δ’</span> <span class='ocrx_word' id='word_1_865' title='bbox 779 4123 819 4182; x_wconf 55' lang='grc' dir='ltr'>ἀεὶ</span> <span class='ocrx_word' id='word_1_866' title='bbox 833 4124 891 4194; x_wconf 53' lang='grc' dir='ltr'>τοὺς</span> <span class='ocrx_word' id='word_1_867' title='bbox 939 4173 1035 4224; x_wconf 85' lang='lat' dir='ltr'><strong>semper</strong></span> <span class='ocrx_word' id='word_1_868' title='bbox 1041 4161 1205 4213; x_wconf 75' lang='lat' dir='ltr'><strong>adolescentes</strong></span> <span class='ocrx_word' id='word_1_869' title='bbox 1217 4167 1323 4214; x_wconf 87' lang='lat' dir='ltr'><strong>coactus.</strong></span> <span class='ocrx_word' id='word_1_870' title='bbox 1338 4163 1391 4214; x_wconf 83' lang='lat' dir='ltr'><strong>brec</strong></span> <span class='ocrx_word' id='word_1_871' title='bbox 1404 4163 1478 4229; x_wconf 87' lang='lat' dir='ltr'><strong>igitur</strong></span> <span class='ocrx_word' id='word_1_872' title='bbox 1492 4163 1592 4229; x_wconf 86' lang='lat' dir='ltr'><strong>reliquia</strong></span> <span class='ocrx_word' id='word_1_873' title='bbox 1605 4163 1726 4229; x_wconf 88' lang='lat' dir='ltr'><strong>cupidita·</strong></span> 
     </span>
    </p>
   </div>
   <div class='ocr_carea' id='block_1_6' title="bbox 937 4255 1727 4508">
    <p class='ocr_par' dir='ltr' id='par_1_7' title="bbox 937 4255 1727 4508">
     <span class='ocr_line' id='line_1_58' title="bbox 937 4255 1726 4324; baseline 0.008 -20"><span class='ocrx_word' id='word_1_874' title='bbox 937 4255 1016 4317; x_wconf 88' lang='lat' dir='ltr'><strong>tibus‚</strong></span> <span class='ocrx_word' id='word_1_875' title='bbox 1028 4261 1147 4319; x_wconf 85' lang='lat' dir='ltr'><strong>quantum</strong></span> <span class='ocrx_word' id='word_1_876' title='bbox 1161 4257 1260 4322; x_wconf 86' lang='lat' dir='ltr'><strong>quidem</strong></span> <span class='ocrx_word' id='word_1_877' title='bbox 1276 4273 1315 4310; x_wconf 87' lang='lat' dir='ltr'>res</span> <span class='ocrx_word' id='word_1_878' title='bbox 1327 4258 1442 4310; x_wconf 79' lang='lat' dir='ltr'><strong>bumanoe</strong></span> <span class='ocrx_word' id='word_1_879' title='bbox 1454 4263 1569 4324; x_wconf 85' lang='lat' dir='ltr'><strong>possunt,</strong></span> <span class='ocrx_word' id='word_1_880' title='bbox 1581 4258 1726 4310; x_wconf 87' lang='lat' dir='ltr'><strong>moderatio-</strong></span> 
     </span>
     <span class='ocr_line' id='line_1_59' title="bbox 937 4349 1725 4419; baseline 0.006 -20"><span class='ocrx_word' id='word_1_881' title='bbox 937 4362 994 4400; x_wconf 88' lang='lat' dir='ltr'>nem</span> <span class='ocrx_word' id='word_1_882' title='bbox 1003 4349 1109 4414; x_wconf 85' lang='lat' dir='ltr'><strong>babent;</strong></span> <span class='ocrx_word' id='word_1_883' title='bbox 1119 4351 1161 4402; x_wconf 90' lang='lat' dir='ltr'>sed</span> <span class='ocrx_word' id='word_1_884' title='bbox 1177 4352 1244 4417; x_wconf 87' lang='lat' dir='ltr'><strong>quod</strong></span> <span class='ocrx_word' id='word_1_885' title='bbox 1255 4353 1286 4404; x_wconf 87' lang='lat' dir='ltr'><strong>ad</strong></span> <span class='ocrx_word' id='word_1_886' title='bbox 1300 4367 1396 4406; x_wconf 87' lang='lat' dir='ltr'><strong>amores</strong></span> <span class='ocrx_word' id='word_1_887' title='bbox 1408 4368 1539 4419; x_wconf 91' lang='lat' dir='ltr'><strong>puerorum</strong></span> <span class='ocrx_word' id='word_1_888' title='bbox 1553 4359 1578 4406; x_wconf 84' lang='lat' dir='ltr'>et</span> <span class='ocrx_word' id='word_1_889' title='bbox 1590 4355 1725 4419; x_wconf 86' lang='lat' dir='ltr'><strong>puellarum</strong></span> 
     </span>
     <span class='ocr_line' id='line_1_60' title="bbox 938 4445 1727 4508; baseline 0.005 -14"><span class='ocrx_word' id='word_1_890' title='bbox 938 4446 963 4495; x_wconf 86' lang='lat' dir='ltr'>et</span> <span class='ocrx_word' id='word_1_891' title='bbox 979 4445 1110 4496; x_wconf 88' lang='lat' dir='ltr'><strong>mulierum</strong></span> <span class='ocrx_word' id='word_1_892' title='bbox 1124 4445 1232 4497; x_wconf 81' lang='lat' dir='ltr'><strong>virorum</strong></span> <span class='ocrx_word' id='word_1_893' title='bbox 1246 4449 1271 4498; x_wconf 88' lang='lat' dir='ltr'>et</span> <span class='ocrx_word' id='word_1_894' title='bbox 1280 4447 1391 4498; x_wconf 79' lang='lat' dir='ltr'><strong>virorum</strong></span> <span class='ocrx_word' id='word_1_895' title='bbox 1401 4449 1530 4499; x_wconf 87' lang='lat' dir='ltr'><strong>mulierum</strong></span> <span class='ocrx_word' id='word_1_896' title='bbox 1543 4449 1645 4508; x_wconf 85' lang='lat' dir='ltr'><strong>attinet,</strong></span> <span class='ocrx_word' id='word_1_897' title='bbox 1663 4447 1727 4498; x_wconf 92' lang='lat' dir='ltr'><strong>unde</strong></span> 
     </span>
    </p>
   </div>
   <div class='ocr_carea' id='block_1_7' title="bbox 0 0 1955 5848">
    <p class='ocr_par' dir='ltr' id='par_1_8' title="bbox 0 0 1955 5848">
     <span class='ocr_line' id='line_1_61' title="bbox 0 0 1955 5848; baseline 0 0"><span class='ocrx_word' id='word_1_898' title='bbox 0 0 1955 5848; x_wconf 95' lang='lat' dir='ltr'> </span> 
     </span>
    </p>
   </div>
  </div>
 </body>
</html>
