3782 5840
124 421 178 500 ps,
192 417 258 497 ιιι.)
724 487 727 492 ,
754 413 914 476 erraras.
935 413 1007 474 arn.
1026 413 1093 474 vu.
1665 379 1715 479 m

123 547 228 630 μοθάτον
248 547 357 626 ήκουεν,
376 544 498 626 ἐξελέγχῃ
517 549 531 604 ὁ
551 543 626 624 λόγος
643 543 688 606 καὶ
709 543 833 613 πολλάκις
855 541 916 602 καί·
946 552 1037 616 broquc
1050 556 1075 604 et
1092 553 1174 604 multis
1187 553 1265 612 modis
1279 567 1381 618 argaeus
1392 568 1420 605 eo
1434 554 1551 618 deducat,
1569 558 1596 607 ut
1611 557 1717 622 opinetur

122 639 245 716 πολλαχῆ
259 633 375 715 ἐλέγχων
389 636 426 701 εἰς
439 631 513 704 δόξαν
526 630 681 712 καταύοίλῃ,
694 633 729 699 ῶς
741 637 816 693 τοῦτο
828 628 900 692 οὐδὲν
914 655 930 694 e
946 641 1004 690 iilud
1021 654 1069 691 uon
1079 641 1154 705 magia
1172 641 1299 694 honestum
1309 655 1458 706 essequam
1476 649 1559 709 turpe,
1570 644 1648 708 deque
1655 645 1723 709 lusto

122 726 220 804 μᾶλλον
241 721 337 800 καλὸν,
357 720 376 794 d
394 720 512 804 αἰσχρὸν,
525 720 570 781 καλ
585 718 646 800 περί
662 717 762 780 δικαίου
776 717 901 804 ὡσαύτως
945 742 973 778 ac
982 728 1044 780 bono
1056 729 1238 792 similiteragat,
1250 733 1274 780 ct
1283 728 1313 780 de
1322 731 1420 792 ceteris,
1432 745 1487 795 quae
1497 732 1724 784 summoinbonorc

121 812 164 870 καὶ
181 813 283 890 ἀγαθοῦ
295 807 375 869 καλθ
393 809 510 886 μέλιττα
523 797 586 887 ήγιν
603 810 631 867 ἐν
644 810 724 887 τιμῇ,
745 805 811 884 μετὰ
826 812 901 867 τοῦτο
947 815 1069 866 babebat:
1086 829 1203 880 quocum
1220 818 1320 881 posthac
1331 817 1403 869 ruodo
1415 831 1441 868 sc
1458 831 1513 881 erga
1530 819 1571 870 illa
1583 819 1722 871 habitumm

97 926 108 960 ι
122 899 145 959 τί
155 897 204 960 oisc
218 897 340 970 ποιήσειν
350 897 428 956 αὐτὸν
439 895 503 978 πρὸς
514 893 581 955 αὐτὰ
592 898 669 974 τιμῆς
680 918 708 954 τε
720 893 778 978 πέρι
790 893 835 957 καί
848 919 902 954 πει·
946 917 999 954 erse
1007 907 1077 969 putas
1086 905 1184 956 lionoris
1193 907 1216 955 et
1227 905 1385 956 observantiae
1397 906 1489 957 ratione
1499 907 1595 958 habita?
1605 906 1665 973 [sm]
1677 911 1723 960 Ne·

121 985 245 1068 θαρχέαςς
258 982 423 1064 ’Andrum
462 982 559 1063 ,μήτε
573 991 653 1066 τιμήν
671 981 818 1062 ἐτιδμοίως
834 982 901 1062 μήτε
946 1007 993 1057 qne
1001 993 1318 1058 bonorem,inquir‚neqne
1329 994 1472 1058 obsequium
1482 995 1517 1046 eis
1526 997 1553 1046 nt
1561 996 1723 1046 εινιεειιιιιεει

122 1073 265 1135 πείθεσθαι.
306 1069 421 1134 Ὅτανο
438 1095 461 1148 ν,
471 1063 504 1146 ήν
515 1071 538 1131 δ’
551 1069 695 1150 έγιλ,μήτε
709 1076 792 1131 ταῦτα
803 1074 900 1151 ἡγῆται
946 1094 1042 1132 necesse
1057 1086 1102 1132 εει.
1137 1081 1227 1147 [soen]
1242 1081 1343 1140 Quando
1358 1081 1438 1144 igitur,
1458 1083 1570 1147 inquam,
1583 1096 1662 1146 neque
1675 1083 1722 1134 ista

121 1161 198 1239 τίμια
209 1159 257 1220 καλ
274 1159 358 1220 οίκιῖα
372 1156 461 1239 ῶσπερ
479 1157 602 1240 τρδτοῶ,
616 1155 690 1216 τότε
707 1159 790 1230 ἀληθῆ
806 1156 842 1234 μὴ
857 1161 899 1217 eb·
945 1167 1046 1232 amplior
1058 1168 1195 1218 honoranda
1206 1173 1230 1218 ει
1239 1169 1303 1219 adso
1315 1169 1457 1232 pertinentia
1465 1169 1596 1232 existimat,
1604 1183 1682 1234 neque
1690 1185 1722 1219 rc

79 1250 213 1330 iatpiqu,
228 1245 358 1330 ίστιπρδς
367 1247 454 1308 ὁποῖον
468 1245 522 1328 βίον
534 1245 622 1318 ἀλλον,
636 1241 654 1317 ἣ
668 1243 712 1304 τδν
727 1244 901 1306 κολακεύοντα
917 1259 934 1299 a
948 1255 1009 1320 perit
1020 1268 1090 1319 rem,
1100 1256 1260 1321 inquamnam
1270 1256 1363 1320 potius,
1372 1256 1726 1321 quaminadulatoriamritam

91 1365 110 1394 r.»
121 1337 226 1404 εἰκότως
240 1331 701 1418 προαχωρήσεται;ούκάστιν,ἐρη.
744 1331 903 1415 Παράνσμος
947 1355 1005 1393 eum
1018 1343 1177 1402 transiturum
1188 1347 1439 1395 esseoonsentaueum
1448 1343 1727 1410 ert?[eu.]iunullam,

120 1423 168 1498 δή,
181 1414 269 1501 οἶμαι,
284 1423 664 1504 δεἜειγεγονέναιέκνομίμου.
707 1423 830 1505 Ἇνόγκη.
846 1427 901 1488 οο·
945 1429 1031 1494 inquit.
1065 1428 1154 1496 [sosa.]
1166 1434 1324 1496 Contemptor
1334 1431 1413 1494 legum
1429 1431 1510 1495 igitur,
1523 1433 1617 1496 opinor,
1628 1447 1659 1484 ex
1675 1434 1714 1483 cul

120 1519 190 1588 κοῦν,
199 1511 276 1594 έιρην,
287 1512 490 1580 είκδςτὸπᾶθος
499 1517 551 1572 τῶν
560 1513 628 1574 ούτω
637 1513 721 1592 λόγων
734 1513 900 1593 ἁπτομένων,
946 1518 1224 1570 torciactusvidebitur.
1264 1517 1324 1585 [eu]
1344 1523 1446 1570 Necesse
1460 1522 1506 1571 est.
1539 1518 1627 1586 [soen]
1642 1524 1727 1571 Nonne

124 1597 168 1658 καλ
181 1596 268 1680 θᾶρτι
278 1595 376 1676 ἔλεγον,
389 1598 489 1670 πολλῆς
501 1593 656 1678 συγγνώμης
669 1595 751 1671 lilium
764 1595 819 1656 Καί
830 1595 901 1656 ἐλέου
945 1606 1025 1670 igitur,
1035 1606 1149 1670 inquam,
1159 1609 1246 1657 merito
1257 1607 1303 1656 lroe
1319 1606 1348 1657 iis
1364 1606 1463 1670 accidit,
1474 1607 1516 1670 qni
1534 1607 1568 1658 ita
1584 1608 1728 1660 disserendo

126 1686 158 1762 γ’,
164 1684 225 1768 έρη.
268 1687 371 1752 Οὐκοῦν
388 1683 433 1746 ἵνα
454 1681 492 1766 μὴ
504 1684 652 1767 γίγνηταιθ
670 1683 741 1752 ἐλεος
757 1673 830 1750 ούτος
841 1683 901 1763 περί
945 1707 1042 1757 operam
1052 1692 1170 1756 dent,et,
1181 1698 1208 1745 ut
1225 1693 1296 1743 modo
1311 1691 1436 1756 dicebam,
1449 1708 1592 1758 magnopere
1604 1694 1727 1758 ignosoeir·

94 1769 649 1854 molo<spauxorrorimeooqer’rlussoope'rqr
660 1769 899 1853 παντὶτρόπῳτῶν
947 1778 1092 1846 duml[cu.]
1107 1782 1137 1832 m
1152 1780 1314 1832 miserandum
1332 1781 1436 1845 iusuper,
1449 1782 1534 1845 inquit.
1568 1781 1657 1848 [soom]
1675 1785 1729 1833 Hoc

125 1861 206 1940 λόγων
220 1859 330 1934 θπτέονς
344 1860 400 1924 Καὶ
413 1860 487 1941 μέλ’,
504 1851 523 1933 ή
541 1861 566 1920 δ’
583 1859 619 1930 ός.
660 1849 717 1942 Ἆρ’
738 1850 782 1920 οὖν
803 1861 832 1920 οὐ
852 1859 900 1938 μία
948 1867 1019 1932 igitur
1029 1867 1191 1919 miserandum
1202 1882 1232 1919 ne
1244 1869 1374 1919 tricenariis
1388 1869 1435 1919 tuis
1447 1869 1638 1929 accirht,nonne
1647 1871 1727 1920 omnis

125 1949 169 2028 μὲν
183 1947 310 2009 sotadeo
332 1947 399 2022 αὕτη
420 1947 519 2030 συχνή,
533 1947 563 2008 τδ
578 1948 615 2029 μὴ
637 1945 707 2015 νέους
726 1946 801 2015 όντας
814 1949 899 2007 αὐτῶν
915 1940 993 2005 btibi
1004 1955 1084 2006 cautio
1097 1956 1122 2006 in
1132 1955 1266 2008 dialectices
1278 1969 1322 2007 usn
1331 1955 1466 2006 adhibenda
1475 1959 1528 2008 esti
1537 1956 1593 2022 [cn]
1603 1961 1639 2008 ita
1659 1971 1724 2023 pror-

124 2037 259 2117 γεύισθαις
275 2027 350 2114 οἶμαι
361 2035 412 2119 γάρ
427 2060 456 2096 σε
470 2039 498 2097 οὐ
518 2035 666 2110 λεληθέναι,
689 2035 729 2094 ότι
743 2039 766 2096 οἱ
784 2035 902 2118 μειρακί-
947 2056 1001 2103 sus,
1012 2043 1097 2107 iuquit.
1131 2042 1218 2108 [soem]
1228 2047 1310 2094 Nonne
1318 2057 1365 2094 una
1374 2043 1426 2094 ime
1434 2043 1512 2093 salida
1520 2045 1598 2094 cautio
1607 2046 1653 2105 εει,
1661 2046 1726 2108 quod

124 2150 189 2200 σκοι,
200 2123 264 2186 ὅταν
273 2125 414 2208 τὸπρῶτον
424 2123 507 2200 λόγων
519 2123 654 2204 γεύωνται,
666 2127 700 2193 ῶς
710 2125 803 2206 παιδιᾷ
815 2126 903 2191 αὐτοῖς
945 2131 1052 2194 juniores
1064 2131 1178 2194 attingere
1188 2144 1240 2181 eam
1251 2144 1299 2182 uon
1308 2131 1425 2182 sinimus?
1441 2131 1592 2195 nequeenim
1609 2135 1633 2182 te
1645 2132 1727 2195 iugero

90 2241 114 2279 en
124 2217 324 2296 καταχρῶνται,
338 2211 378 2272 ἀεὶ
390 2215 425 2281 είς
439 2211 586 2293 ἀντιλογίαν
597 2210 903 2294 χρώμενοι,κιιλμιμού-
947 2218 1048 2268 arbitror
1069 2217 1272 2280 adolescentulos,
1290 2232 1346 2269 cum
1369 2218 1474 2282 primum
1494 2217 1669 2282 disputationes
1683 2233 1724 2282 gu·

124 2323 195 2378 μενοι
209 2300 270 2368 τοὺς
283 2296 465 2380 ἐξελέγχοντας
479 2299 553 2359 «brol
573 2299 666 2366 ἄλλους
677 2296 828 2380 ἐλέγχουσι,
842 2297 902 2379 χαί·
948 2311 1025 2366 stant,
1035 2319 1063 2356 eo
1075 2305 1143 2370 quasi
1152 2304 1209 2356 ludo
1221 2303 1326 2370 quodam
1337 2305 1367 2355 ed
1379 2304 1533 2356 refellendum
1543 2306 1611 2356 abuti
1622 2319 1725 2372 corque,

124 2413 209 2470 ροντες
220 2386 310 2470 ῶσπερ
324 2387 452 2448 σκυλάκια
464 2391 502 2468 τῷ
513 2385 596 2447 ἕλκειν
605 2410 635 2446 τε
644 2385 689 2446 καί
700 2386 857 2469 σπαράττειν
865 2391 903 2470 τῷ
947 2393 988 2456 qui
998 2393 1122 2443 conlatam
1137 2393 1211 2455 alios,
1230 2394 1348 2444 soetautes
1358 2393 1384 2444 ct
1394 2392 1460 2457 ipses
1471 2393 1530 2443 alios
1541 2393 1680 2456 redarguere
1693 2409 1721 2444 ac

122 2477 191 2560 λόγῳ
202 2475 263 2544 τοδς
271 2475 381 2548 πλησίον
393 2474 444 2538 ἀεί.
467 2475 620 2556 Ὑπερφυῶς
630 2472 677 2552 μὲν
689 2465 750 2554 σύν,
762 2473 821 2557 ἔφη.
832 2478 902 2536 Oda-
947 2493 1012 2531 more
1020 2480 1299 2540 οοιιιΙοιιιιιινεΙΙίοειιδίε
1306 2480 1475 2544 trahendisquc
1482 2479 1639 2545 disputatione
1645 2483 1725 2545 proni·

123 2569 166 2624 οῦν
181 2562 246 2624 όταν
260 2561 292 2634 δή
305 2561 415 2630 πολλούς
429 2559 477 2640 μὲν
493 2561 567 2623 αύτοὶ
580 2560 727 2642 ἐλέγξωσιν,
739 2562 791 2623 turb
799 2563 902 2622 πολλῶν
948 2569 993 2618 mis
1011 2567 1132 2619 delectari.
1165 2566 1224 2634 [cn]
1243 2568 1331 2619 Mirum
1349 2569 1374 2620 in
1389 2568 1501 2630 modum,
1520 2568 1605 2633 inquit.
1639 2567 1725 2632 [soum]

87 2686 109 2723 η,
123 2649 149 2711 δέ
167 2652 330 2731 ἐλεγχθῶσι,
350 2647 448 2732 σρόδρα
463 2649 508 2708 καί
529 2647 597 2730 ταχύ
621 2648 794 2726 ἐμπίπτουσιν
818 2653 854 2719 εἰς
874 2649 904 2711 τὸ
918 2677 934 2718 c
948 2659 1079 2720 Postquam
1091 2669 1149 2708 reru
1160 2658 1248 2706 multos
1259 2660 1284 2707 et
1295 2656 1340 2720 ipsi
1349 2656 1504 2707 convicerunt
1515 2657 1541 2706 et
1552 2670 1566 2706 a
1577 2656 1661 2706 mullis
1670 2669 1726 2707 con-

124 2735 208 2817 μηδὲν
221 2737 343 2817 ἡγεῖσθαι
351 2725 437 2817 ώνπερ
449 2733 582 2818 πρότερον·
597 2734 642 2795 καί
656 2739 686 2796 ἐκ
696 2735 793 2796 τούτων
808 2736 839 2811 δή
852 2739 901 2797 αὖ·
947 2745 1005 2796 uicti
1016 2747 1086 2807 suut,
1096 2759 1126 2796 eo
1138 2745 1262 2796 confertim
1278 2743 1421 2806 deveniunt,
1432 2748 1459 2794 ut
1472 2757 1502 2795 ex
1514 2744 1622 2808 pristinis
1633 2745 1724 2809 opinio·

123 2825 162 2886 τοί
169 2849 201 2885 τε
215 2823 303 2886 καλτδ
317 2822 376 2884 ὅλον
388 2823 540 2907 φιλοσοφίας
552 2822 613 2906 πέρι
622 2827 657 2892 εἰς
670 2823 730 2893 τούς
742 2824 835 2893 ἄλλους
846 2827 902 2885 δια·
947 2833 1018 2884 nibus
1029 2837 1104 2884 ratam
1114 2833 1203 2883 nullam
1215 2831 1328 2895 babeautp
1339 2835 1410 2896 atquc
1420 2831 1477 2883 inde
1487 2835 1513 2882 et
1524 2833 1568 2896 ipsi
1580 2835 1604 2883 et
1614 2831 1725 2884 uniuersa

122 2913 278 2984 όέόληνται.
321 2909 511 2986 Ἀληθέστατα,
527 2911 586 2995 ἐφη.
627 2911 700 2972 Ὁδέ
715 2911 903 2994 δήπρεσόύτε·
948 2920 1098 2984 philosophia
1113 2919 1176 2984 apud
1189 2919 1634 2983 reliquosiniuiamlamincurrerunt.
1667 2918 1726 2986 [cul

123 3023 181 3080 ρος,
192 2993 226 3074 ήν
242 3000 265 3060 δ’
280 2997 348 3077 ἐγὼ,
360 3003 407 3070 τῆς
418 2995 465 3078 μὲν
479 2998 599 3071 τοιαύτης
614 2997 709 3077 μανίας
718 2999 765 3058 οὔκ
776 2997 808 3058 ἀν
823 2998 904 3060 ἐθέλοι
948 3007 1090 3070 verissime,
1101 3007 1186 3072 inquit.
1219 3006 1309 3072 [soca]
1321 3004 1351 3058 Al
1364 3007 1399 3058 rir
1410 3006 1468 3057 natu
1479 3007 1601 3070 grandior,
1612 3007 1724 3072 inquam,

89 3119 113 3156 nn
124 3087 255 3168 μετέχειν,
267 3085 311 3148 τθν
326 3085 353 3146 δέ
371 3087 535 3166 διαλέγεσθαι
549 3087 667 3147 ἐθέλοντα
680 3085 726 3146 καί
738 3091 843 3147 σκοπεῖν
856 3089 902 3147 τά-
948 3094 979 3144 ab
993 3093 1039 3145 bac
1056 3095 1149 3146 Insania
1160 3094 1289 3145 abstinebit
1306 3099 1331 3145 et
1345 3088 1516 3158 investigandus
1528 3095 1636 3146 ueritatis
1651 3097 1726 3159 gratia

123 3177 199 3250 ληθές
213 3177 315 3253 μᾶλλον
326 3173 485 3254 μιμήσεται,
499 3173 516 3246 ἢ
528 3175 571 3234 τὸν
580 3176 686 3243 παιδιᾶς
694 3173 771 3256 χάριν
780 3173 904 3246 παίζοντα
949 3181 1104 3234 disserentem
1111 3182 1242 3233 imitabitur
1251 3181 1424 3247 potius‚quam
1431 3182 1550 3246 cum.qui
1555 3181 1648 3245 iocandi
1654 3198 1726 3236 causa

124 3264 168 3324 καλ
183 3263 366 3341 ἀντιλέγοντα,
380 3261 427 3322 καί
440 3261 515 3332 αιἰτός
526 3285 556 3322 τε
577 3261 747 3343 μετριώτερος
767 3261 842 3322 ἔσται
859 3263 904 3324 καί
914 3255 934 3318 al
950 3269 1014 3322 ludit
1024 3276 1048 3322 et
1059 3269 1212 3333 rontmdicit‚
1225 3272 1250 3320 et
1261 3269 1376 3331 cumipse
1385 3270 1528 3321 moderatior
1537 3271 1596 3332 crit,
1607 3273 1660 3321 tum
1673 3277 1726 3321 stu·

125 3352 152 3412 τδ
173 3349 338 3429 ἐπιτήδευμα
359 3348 511 3432 τιμιώτερον
535 3349 593 3410 ἀντὶ
615 3348 769 3431 ἀτιμοτέρου
789 3350 902 3424 ποιήσει.
950 3357 1018 3408 dium
1026 3371 1056 3408 ex
1068 3357 1235 3421 contemptiori
1246 3357 1329 3408 reddet
1339 3357 1467 3409 laudatius.
1482 3355 1533 3424 [οι]
1544 3360 1628 3420 Recte,
1639 3357 1726 3422 inquit.

126 3439 242 3523 Ὀρθῶς,
263 3437 325 3518 ipe.
377 3440 482 3499 Οὐκοῦν
502 3437 548 3498 καί
568 3437 602 3496 τδι
621 3436 797 3520 προειρημένα
812 3439 902 3501 τούτου
948 3443 1039 3510 [soca]
1051 3444 1089 3495 ad
1106 3444 1224 3507 eiusmodi
1241 3445 1497 3508 praetercaoautiouem
1508 3459 1587 3495 nonne
1605 3447 1725 3508 superiora

91 3554 114 3590 u.
126 3526 165 3584 ἐπ’
178 3524 304 3605 ιδλαύιίογ
316 3524 405 3584 πάντα
418 3549 438 3584 π
455 3524 583 3607 οείρηται,
596 3524 679 3593 τθτδις
688 3524 904 3607 ρύσειςκοσμίους
948 3545 1043 3597 quoque
1054 3533 1118 3582 dicta
1128 3533 1185 3583 sunt
1195 3533 1289 3594 onrnia,
1298 3534 1409 3596 oportere
1421 3531 1532 3583 videlicet
1542 3531 1677 3582 moderatos
1686 3547 1726 3584 aa·

126 3605 190 3674 εἶναι
208 3613 255 3673 καὶ
266 3611 410 3692 στασίμους
423 3549 461 3680 είς
471 3636 509 3680 τις
527 3611 674 3700 μεταδώσει
687 3615 739 3671 τῶν
753 3610 847 3692 λόγοιν,
859 3601 903 3672 καὶ
949 3625 1002 3671 tura
1012 3624 1037 3671 ct
1047 3633 1133 3683 graves
1143 3620 1274 3680 esse-illos,
1284 3619 1325 3682 qui
1341 3620 1371 3670 ad
1386 3619 1553 3683 disputationis
1563 3618 1671 3672 studium
1686 3622 1726 3672 ad·

128 3701 163 3778 ινῆ
178 3706 213 3769 ὧν
225 3707 272 3761 νῶν
290 3704 306 3761 θ
323 3699 411 3780 τυχὼν
425 3699 470 3760 καί
488 3701 561 3760 οὐδὲν
574 3699 713 3783 προσήκων
734 3698 840 3780 ἔρχεται
862 3703 902 3760 ἐπ’
949 3708 1081 3770 mittantur,
1091 3719 1138 3756 nou
1151 3711 1178 3756 ut
1189 3705 1504 3769 nuncquilibetetmiuime
1514 3705 1727 3759 idoneuseoacoe·

129 3788 204 3864 αὐτός
215 3788 293 3850 Πάνυ
308 3789 356 3870 μὲν
371 3783 500 3872 ούν,έρη.
541 3789 625 3871 Ἀρκεῖ
636 3787 668 3861 δέ,
678 3787 721 3847 ἐπί
732 3787 815 3867 λόγων
828 3812 904 3867 μετα·
948 3793 1290 3860 diti[cu.]i‘rorsus,iuqult.
1324 3792 1724 3859 [socalsiqpisigiturdisserendi

127 3874 204 3959 λήψει
215 3880 305 3956 μεῖναι
316 3875 455 3955 ἐνδελεχῶς
464 3875 641 3945 reclinandum<
655 3875 736 3953 μηδὲν
747 3876 811 3934 ἄλλο
820 3876 902 3957 πρέτ-
947 3880 1027 3932 studio
1036 3880 1130 3931 assidue
1138 3879 1309 3945 diligenterque
1318 3880 1358 3931 det
1366 3893 1462 3944 operam
1470 3880 1576 3944 nihilque
1585 3885 1640 3945 agat
1645 3883 1726 3944 aliud,

94 3997 117 4036 ,ς
129 3989 213 4038 τοντι,
237 3966 297 4024 ἀλλ’
319 3961 494 4046 ἀντιστρόφως
513 3963 700 4042 γυμναζομένην
720 3971 773 4031 τοῖς
794 3963 855 4046 περὶ
874 3963 904 4024 τὸ
947 3968 989 4019 sed
1005 3970 1032 4019 ut
1046 3972 1117 4018 antea
1128 3981 1228 4031 corpus,
1241 3981 1306 4019 nnnc
1323 3969 1427 4020 mentem
1439 3967 1484 4018 bac
1500 3968 1590 4028 ratione
1601 3974 1726 4033 exerceat,

128 4057 204 4132 σῶμα
216 4051 385 4133 γυμνασίοις,
398 4049 445 4123 ἀτη
457 4050 597 4124 διπλάσια,
608 4048 625 4121 ἢ
635 4051 711 4126 τότες
724 4048 791 4127 Ἓξ,
807 4050 871 4134 ἔφη,
887 4051 1001 4123 deciae
1018 4056 1074 4106 anni
1090 4055 1164 4119 duplo
1175 4055 1222 4105 iliis
1236 4055 1317 4118 piures
1332 4055 1466 4106 sufficienti
1475 4053 1537 4121 [cu]
1552 4059 1614 4119 Sex,
1634 4056 1727 4122 inquit,

127 4142 239 4222 τέτταρα
252 4137 351 4218 λέγεις,
365 4137 488 4218 Ἀμέλει,
510 4129 591 4212 εἶπον,
605 4136 682 4198 πέντε
696 4137 747 4206 θές·
768 4139 835 4218 μετὰ
853 4138 904 4220 γδιρ
949 4143 1023 4204 dicis,
1039 4156 1069 4193 an
1087 4145 1217 4207 quattuor?
1228 4141 1315 4208 [soem]
1325 4143 1437 4207 Quinque
1447 4143 1545 4208 uthue,
1562 4145 1673 4209 iuquam,
1686 4159 1728 4210 po-

127 4235 202 4290 τοῦτο
211 4223 418 4288 καταόιύαστέοι
432 4225 536 4288 ἔσονταί
547 4249 588 4286 σοι
600 4229 635 4294 είς
642 4225 672 4286 τδ
684 4225 812 4298 σπήλαιον
825 4226 903 4286 πόλιν
948 4245 1005 4294 υεες
1023 4230 1110 4282 deinde
1122 4230 1185 4281 cuim
1203 4231 1227 4280 in
1244 4235 1338 4280 animm
1357 4231 1415 4282 illud
1429 4232 1517 4284 iterum
1533 4231 1575 4282 tibi
1594 4231 1725 4283 deducendi

127 4319 206 4378 έκεῖνο
219 4315 266 4376 καὶ
281 4313 454 4396 ἀναγκαστέοι
467 4314 557 4396 ἀρχειν
571 4313 604 4372 mi
618 4337 646 4372 τε
662 4313 722 4395 περὶ
735 4313 779 4374 τὸν
789 4314 903 4392 πόλεμον
948 4325 1095 4390 cogendique
1110 4327 1181 4376 erunt
1192 4331 1217 4377 et
1232 4326 1304 4378 rebus
1314 4326 1406 4378 bellicis
1416 4331 1441 4378 et
1453 4327 1578 4390 omnibus,
1594 4327 1725 4392 quibusin-

94 4436 117 4474 ιι
128 4403 171 4466 ντί
181 4403 243 4466 ὅσον
255 4402 318 4463 νέων
331 4402 430 4484 &tilde
444 4399 487 4462 ίνο
501 4403 563 4482 μηδ’
578 4400 700 4484 ἐμπειρίᾳ
713 4406 840 4484 {bilibit
853 4406 904 4463 τῶν
949 4426 1150 4486 compresum,
1168 4436 1283 4486 praeesse,
1297 4424 1324 4474 ut
1334 4437 1364 4474 ne
1374 4437 1419 4474 usu
1430 4423 1528 4488 quidem
1538 4437 1616 4473 rerum
1632 4423 1663 4473 ab
1674 4425 1725 4474 rell·

128 4492 226 4552 ἄλλων·
243 4491 289 4551 καί
303 4489 341 4550 ἔτι
360 4488 406 4551 ml
424 4492 451 4550 ἓν
465 4489 564 4558 τούτοις
582 4489 768 4571 βασανιστέον,
784 4493 807 4550 εἷ
822 4493 904 4568 iiiiii·
948 4509 1001 4573 quia
1009 4513 1160 4574 superentur.
1170 4515 1243 4575 atque
1251 4511 1324 4561 etiam
1333 4509 1402 4562 iubis
1411 4510 1635 4575 explorandicrunt,
1643 4512 1724 4562 utrum

84 4585 213 4656 ιἰιιινοῧονν
228 4578 364 4656 mistim
379 4577 529 4661 πονοοχίον
551 4578 569 4652 ἥ
585 4601 611 4638 ³²
625 4579 670 4638 καί
684 4577 903 4660 πορονννύοονσι.
918 4605 933 4645 a
948 4599 1084 4648 mactantes
1102 4604 1270 4662 permaneant,
1286 4598 1344 4649 dum
1365 4599 1492 4649 trabuntur
1513 4609 1672 4660 quocunque,
1694 4612 1723 4650 an

128 4667 226 4750 Χρόνον
239 4665 280 4740 ds,
294 4657 311 4740 ἦ
327 4665 349 4726 δ’
364 4664 403 4741 ὃς,
418 4666 499 4728 πίνον
511 4671 601 4727 τοῦτον
613 4665 697 4742 τίθηςὶ
711 4667 904 4732 Πεντεκαίδεκα
948 4689 1042 4736 nutent.
1075 4684 1136 4751 [um]
1153 4687 1219 4745 Quot
1236 4689 1316 4736 autem
1333 4699 1423 4748 annos,
1441 4685 1531 4748 inquit,
1551 4684 1605 4736 istis
1623 4684 1724 4736 tribuis?

128 4755 189 4835 ἔνη,
207 4747 240 4827 ἦν
262 4755 285 4814 δ’
307 4751 369 4833 ἷῖώ·
388 4753 533 4835 γενομένων
552 4754 580 4815 δὲ
601 4760 827 4828 πεντηκοντουτῶν
847 4755 905 4824 τοὺς
948 4771 1038 4842 [soum]
1056 4773 1210 4836 Quindecim,
1228 4775 1333 4838 inquam.
1357 4772 1551 4839 quinquagenarii
1569 4775 1651 4823 autem
1670 4773 1724 4825 iacti

93 4871 116 4912 ω
128 4841 301 4910 διασωθέντας
315 4841 361 4901 καὶ
374 4842 671 4925 ιἰριττιύταντατπόντιι
684 4843 770 4918 πάντη
781 4846 807 4903 ἐν
821 4843 904 4928 ἔργοις
948 4860 1086 4925 quicunque
1109 4860 1240 4912 ιιιωωωω
1258 4860 1347 4912 serrati
1368 4865 1393 4910 er
1410 4859 1484 4910 robus
1501 4861 1574 4922 gerris
1593 4859 1679 4924 parim
1697 4875 1725 4910 ac

128 4954 154 4991 τι
166 4930 212 4991 καὶ
228 4931 390 5004 ἐπιστήμαις
401 4930 464 5012 πρὸς
472 4929 545 5002 τέλος
554 4932 605 5006 ἤδη
619 4931 710 4992 ἀκτέον
725 4932 770 4991 καλ
781 4935 904 5007 ἄναγνα·
947 4947 1642 5010 ιιῑειιιιιιιοισιῑιιωοωοιωειωιωιωειτιιιωιιιι,ιο
1652 4948 1724 5000 unam

129 5017 200 5078 πίον
212 5019 403 5086 ἀνακλίναντας
415 5017 516 5092 Τλννῗις
529 5023 615 5102 lugd<
626 5019 751 5098 νῦγλνεῖς
765 5021 828 5080 αὐτὸ
838 5023 903 5080 ἄπο·
946 5034 996 5098 iam
1008 5034 1153 5100 perducendi
1165 5039 1223 5086 sunt
1230 5034 1391 5100 cogendique,
1403 5035 1430 5084 ut
1440 5035 1514 5085 animi
1523 5034 1620 5085 oculum
1634 5034 1660 5084 tn
1672 5034 1725 5100 ipso

128 5104 333 5188 θλέψαιτδπᾶσι
341 5105 576 5188 οῶςπαρέχον,καὶ
584 5107 904 5186 ιδόνταςτθάγαθὸναῦτδ,
949 5122 989 5172 ilio
1001 5122 1117 5188 defigant,
1129 5123 1194 5189 quod
1211 5122 1322 5174 omnibus
1335 5123 1415 5174 lumen
1433 5122 1538 5186 praebet,
1550 5122 1652 5188 ipsoque
1660 5121 1723 5173 bono

129 5197 324 5288 παραδείγματι
333 5193 483 5278 χρωμένους
491 5195 642 5273 ίνεῖννςν,κιιί
652 5195 727 5256 πόλιν
742 5195 787 5255 καὶ
801 5196 905 5267 ἰδιώτας
938 5191 1076 5276 'conepecto
1087 5211 1117 5262 ad
1135 5211 1187 5275 eius
1198 5210 1333 5292 exemplum
1353 5210 1474 5262 ciuitatem
1485 5215 1510 5262 et
1528 5209 1633 5276 privator
1650 5223 1724 5278 seque
